2910 4778
578 318 647 365 GAP.
666 314 737 366 VIII.
1116 319 1239 367 CLXXIX

62 494 166 557 uerba
201 492 436 576 posthabebaut
470 492 657 572 sententiae,
685 495 754 556 tum
778 492 918 573 consilio,
943 493 1028 576 quod
1051 493 1128 556 trita
1150 493 1237 578 fugi-

65 613 157 672 entes
181 609 352 681 studebant
375 609 520 679 nouitati,
546 607 716 691 prouerbia
739 607 840 672 multa
863 610 1031 673 mutabant
1054 611 1146 673 modo
1162 631 1238 695 gra-

64 725 139 788 uius
162 725 255 788 modo
278 724 391 788 leuius.
439 724 562 788 accedit
584 724 668 807 quod
691 724 862 824 prouerbio
885 746 980 808 saepe
996 725 1129 808 proinde
1145 747 1238 790 usur·

62 843 183 924 parunt
205 841 376 923 scriptores
400 841 522 904 romani
545 841 636 924 quasi
660 844 765 904 essent
789 863 846 904 sua
859 842 969 920 uerba,
993 844 1028 904 ut
1051 863 1113 904 non
1136 842 1237 928 signi-

62 958 200 1020 ficarent
223 979 260 1020 ea
284 978 352 1020 esse
376 957 557 1039 prouerbio.
604 979 685 1040 quae
709 961 741 1020 et
765 957 836 1020 aliis
861 970 897 1020 et
913 956 1017 1036 mihi,
1032 958 1107 1021 dum
1123 959 1160 1021 de
1177 958 1238 1023 hoc

63 1094 182 1157 genere
217 1073 398 1155 quaerimus
435 1094 521 1137 more
556 1073 848 1156 grammaticorum,
884 1095 946 1138 non
980 1073 1078 1138 semel
1111 1074 1237 1138 exstitit

63 1210 160 1252 causa
185 1189 302 1252 erroris
326 1191 422 1272 atque
447 1188 677 1253 dubitationis

170 1303 240 1368 Iam
268 1305 306 1368 de
331 1305 454 1390 origine
478 1304 645 1387 quaerenti
669 1327 791 1367 summa
814 1305 870 1368 illa
894 1305 1032 1368 occurrit
1057 1305 1235 1384 difficultas,

63 1422 150 1504 quod
178 1421 317 1504 origines
341 1421 581 1504 prouerbiorum
604 1420 813 1503 plurimorum
837 1442 955 1505 magna
978 1421 1138 1485 inuolutae
1163 1424 1236 1484 sunt

63 1536 271 1615 obscuritate,
296 1540 328 1600 et
351 1537 479 1619 quidem
504 1558 540 1600 eo
562 1536 711 1621 grauiore
736 1539 769 1599 et
791 1536 1039 1600 incommodiore
1072 1537 1155 1619 quod
1183 1557 1235 1600 co·

61 1653 167 1736 gnitio
181 1652 340 1736 originum
365 1652 500 1716 multum
524 1653 663 1735 pertinet
686 1653 726 1716 ad
749 1651 831 1715 hanc
855 1674 949 1735 quam
974 1653 1012 1716 de
1025 1651 1174 1736 rhythmo
1186 1652 1234 1715 in-

60 1768 225 1831 stituimus
259 1769 486 1850 quaestionem.
532 1790 635 1851 neque
671 1768 757 1832 enim
785 1771 925 1850 possunt,
950 1768 1034 1851 quod
1059 1769 1099 1832 ad
1121 1767 1234 1850 rhyth-

58 1905 149 1947 mum
188 1883 313 1960 attinet,
353 1883 415 1947 alia
442 1884 612 1966 prouerbia
640 1883 804 1947 domestici
831 1884 959 1968 generis
982 1883 1094 1948 haberi
1118 1905 1177 1947 nec
1200 1884 1234 1946 in

56 2000 207 2064 uersibus
241 1999 358 2063 italicis
394 1999 532 2082 antiquis
567 1999 728 2063 numerari
763 1999 825 2062 nisi
854 2022 892 2062 ea
916 2022 998 2083 quae
1021 2003 1234 2083 uou‘sumpta

56 2119 135 2179 sunt
159 2138 198 2178 ex
222 2115 374 2180 diuerbiis
398 2119 453 2178 aut
476 2115 670 2179 hexametris
698 2118 874 2198 poetarum.
921 2118 976 2179 aut
999 2116 1084 2180 euim
1108 2117 1148 2181 ab
1172 2115 1233 2178 boc

56 2236 115 2295 aut
151 2232 192 2295 ab
226 2231 281 2295 illo
317 2252 434 2316 genere
458 2236 624 2315 poetarum
648 2235 775 2314 sumpta
800 2253 868 2295 esse
892 2231 1088 2314 temporibus
1111 2231 1237 2296 liberae.

53 2348 189 2431 quidem
224 2347 419 2430 reipublicae
449 2368 656 2430 quaecuuque
687 2347 856 2429 prouerbio
892 2369 930 2410 ex
953 2346 1044 2411 libris
1067 2350 1233 2431 poetarum

56 2466 190 2546 sumpta
213 2465 295 2540 suut,
320 2485 351 2545 p.
378 2460 447 2526 CLI
460 2485 507 2546 sq.
528 2463 753 2526 demonstraui.
800 2463 899 2526 ceteri
914 2463 1015 2547 igitur
1030 2483 1140 2525 uersus
1156 2483 1230 2545 pro·

54 2578 230 2657 uerbiales,
265 2579 321 2661 qui
355 2578 484 2661 quidem
519 2601 582 2642 non
605 2578 668 2641 sint
691 2578 820 2656 nouicii,
844 2578 983 2642 habendi
1007 2581 1080 2641 suut
1103 2579 1230 2663 generis

56 2694 237 2758 domestici.

169 2898 256 2983 Ergo
291 2899 391 2961 multa
426 2900 458 2960 in
482 2897 542 2960 hac
567 2899 751 2981 quaestione
775 2899 897 2962 incerta
921 2902 953 2962 et
975 2902 1049 2962 su'nt
1072 2901 1104 2962 et
1128 2903 1231 2978 crunt,

54 3018 94 3080 ut
131 3015 391 3097 probabilitatem
425 3018 611 3096 sequentem
645 3015 679 3077 in
706 3014 866 3097 plerisque
890 3014 1022 3077 fortasse
1046 3014 1167 3098 aliquid
1190 3016 1231 3079 ad

55 3153 128 3195 rem
153 3131 403 3215 cognoscendam
427 3130 581 3212 proficere
605 3130 710 3208 liceat,
735 3130 854 3192 nemini
878 3129 918 3192 ad
942 3130 1111 3193 manifesta
1128 3134 1231 3194 certa-

55 3267 122 3329 que
146 3247 316 3329 peruenire
339 3246 444 3310 liceat.
588 3329 591 3333 ⁸

167 3359 217 3424 Ac
241 3362 439 3445 repperimus
462 3361 604 3444 profecto
621 3361 776 3444 quaedam
802 3383 901 3444 eaque
925 3361 1038 3444 grauia
1058 3363 1140 3425 unde
1157 3384 1231 3445 pro-

57 3479 257 3541 ficisceretur
291 3479 468 3561 quibusque
504 3480 670 3562 regeretur
705 3477 886 3540 coniectura
909 3499 946 3540 ea
969 3477 1230 3559 probabilitatem

57 3594 233 3677 sequentis.
279 3594 399 3677 quain
422 3616 456 3656 re
485 3615 546 3656 non
570 3593 661 3657 modo
684 3592 809 3677 singula
832 3615 889 3675 per
912 3614 945 3656 se
969 3594 1151 3675 spectanda,
1175 3616 1231 3656 ue-

58 3731 129 3772 rum
156 3709 252 3772 etiam
277 3709 470 3773 coniunctim
494 3709 621 3772 similia.
667 3708 774 3790 itaque
800 3711 832 3772 et
848 3711 1083 3793 congregantur
1095 3711 1232 3792 cognata

59 3828 91 3889 et
125 3826 161 3888 in
196 3828 304 3907 partes
339 3825 519 3899 discedunt3
552 3845 651 3906 eaque
675 3825 824 3887 uniuersa
848 3823 1032 3887 diuiduntur
1054 3825 1087 3886 in
1111 3845 1231 3909 genera

59 3941 134 4019 duo;
161 3963 259 4004 unum
281 3941 497 4024 populare,
521 3941 606 4024 quod
629 3943 740 4003 natum
763 3942 811 4003 est
833 3939 969 4003 inuitae
987 3940 1230 4017 usucommuni,

57 4057 197 4122 alterum
222 4057 398 4135 doctum,
422 4058 503 4140 quod
522 4057 650 4120 ductum
667 4058 716 4119 est
731 4056 798 4120 fere
815 4077 855 4118 ex
870 4056 982 4119 studiis
997 4055 1178 4119 titterarum
1195 4055 1229 4136 1).

127 4249 134 4265 x
173 4218 198 4301 ¹)
221 4223 287 4282 Etsi
310 4230 381 4283 sunt
405 4243 472 4281 cum
485 4223 543 4280 alia
567 4243 601 4280 ex
619 4223 700 4282 libris
717 4225 836 4298 sumpta
851 4226 917 4280 tum
930 4203 1092 4280 Catoniana
1107 4223 1230 4297 popula-

53 4314 142 4397 ribqs
173 4312 334 4383 simillima,
359 4315 458 4370 tamen
482 4312 517 4370 iis
541 4313 761 4388 exceptionibus
785 4330 844 4371 non
866 4310 984 4389 tollitur
1006 4311 1120 4386 regula,
1144 4330 1229 4387 gene-
