2910 4778
538 329 609 377 oin.
626 329 671 376 rr.
691 321 707 389 5
726 331 749 377 a.

295 500 499 586 Susptndunt
521 500 672 587 gaudium
690 500 702 583 tt
719 500 824 567 Priiuo
848 500 990 566 oonsilio.

166 874 228 940 Sed
251 875 345 940 mitto
367 875 479 958 poesin
502 874 600 938 medii
624 874 695 939 aeui
719 874 876 959 redeoque
901 875 940 939 ad
956 875 1067 958 poesin
1083 870 1230 940 Italicam

55 991 233 1075 antiquam.

32 1194 35 1200 Ι
166 1106 216 1172 na
238 1106 312 1170 inde
336 1107 376 1170 ab
401 1105 629 1189 antiquissimis
645 1105 841 1189 temporibus
858 1105 926 1170 sine
943 1109 1030 1171 certo
1047 1106 1229 1171 discrimina

57 1223 181 1287 iambos
203 1220 373 1286 trochaicis
396 1222 534 1288 miscuit.

166 1335 212 1402 Ut
245 1338 279 1401 in
309 1337 448 1402 carmine
476 1338 517 1402 fr.
540 1337 709 1402 Arnalium
732 1337 853 1402 iambos
877 1341 1052 1428 sequuntur
1074 1336 1229 1418 trochaei,

55 1453 225 1518 trochaeos
248 1453 348 1518 iambi

160 1567 255 1633 Satur
277 1569 313 1632 fo
335 1568 402 1632 fere
425 1567 553 1633 Mauors
599 1569 674 1633 lime
698 1569 797 1633 ensalr'
819 1572 868 1633 sta
891 1570 1008 1634 ntrber

160 1687 299 1749 scmunis
324 1684 459 1749 alternei
505 1684 624 1749 adunca
646 1684 711 1768 pite
734 1685 860 1750 conctos

447 1801 531 1879 enos,
554 1799 679 1864 Mamor
701 1798 819 1865 innato.

159 1916 298 2000 triumpe
322 1916 460 2000 triumpe
484 1916 624 2000 triumpe
669 1917 808 2000 triumpe
830 1917 969 2002 triumpe
993 1918 1136 2002 triumque.

51 2032 90 2096 in
116 2032 256 2096 carmine
280 2030 408 2097 Saliari:

159 2145 278 2222 Quome
302 2148 395 2211 tona‘s
423 2145 570 2211 Leucosia
615 2147 622 2161 ‘

158 2263 230 2346 prai
253 2263 308 2327 ced
330 2264 487 2326 tremonte
511 2264 661 2348 quotquot

159 2380 296 2462 ubeique
318 2378 484 2442 hemitheis
508 2379 625 2443 deiceris
649 2386 676 2442 et
699 2400 728 2464 q.
751 2400 794 2464 sq.

52 2520 146 2586 Sent.
171 2522 223 2584 57.
249 2520 453 2592 Corcillumst
476 2521 559 2604 quod
582 2519 726 2585 homimis
750 2521 828 2584 facit

251 2638 357 2700 catera
380 2636 553 2720 quisquilia
576 2636 682 2700 omnia

53 2751 172 2818 cantio
194 2751 314 2816 rustica
338 2755 435 2834 (prec.
462 2753 515 2828 13)
539 2750 640 2816 Vetus
663 2773 780 2816 nouom
803 2753 913 2816 uinrim
936 2752 1011 2817 bibo

542 2870 646 2931 ueteri
667 2864 751 2932 nouo
773 2869 883 2933 morbo
905 2868 1043 2932 medeor.

54 2983 172 3048 Cautio
195 2983 316 3046 rustica
340 2980 439 3059 (Sent.
464 2984 519 3058 62)

378 3096 524 3162 Hibtrno
546 3098 679 3181 puluere
702 3098 771 3162 bito
794 3100 892 3162 uerno

378 3213 514 3298 grandia
537 3213 624 3278 fairra
648 3213 774 3277 camille
798 3215 908 3279 metes.

54 3329 205 3393 similiter
239 3328 410 3393 trochaicis
445 3329 597 3394 iambicos
632 3351 742 3393 uersus
777 3329 892 3394 mixtos
921 3328 1043 3394 habent
1066 3329 1229 3415 Comprec.

58 3445 659 3510 l4et16et17et6et8et9.

165 3583 204 3650 In
231 3587 320 3671 poesi
343 3609 530 3671 graecorum
553 3587 730 3671 priscorum
751 3587 859 3670 prisca
882 3590 915 3651 et
937 3588 1086 3671 populari
1109 3589 1230 3672 pariter

54 3703 249 3788 permissum
264 3706 334 3767 erat
351 3703 403 3767 uel
418 3702 571 3767 iambicos
587 3723 698 3766 uersus
714 3701 884 3766 trochaicis
899 3702 1033 3767 miscere
1050 3703 1103 3767 uel
1119 3704 1230 3787 dacty-

54 3819 135 3884 licos
159 3841 230 3883 curn
254 3819 475 3904 anapaesticis
500 3819 589 3883 cuius
611 3818 659 3882 rei
683 3818 830 3901 exempla
849 3818 968 3903 protuli
983 3842 1015 3903 p.
1036 3816 1144 3884 XLVI
1160 3841 1229 3904 sqq.

166 4058 349 4124 Artificiosa
384 4063 490 4124 autem
525 4059 628 4143 poesis
662 4082 682 4124 a
716 4059 806 4142 poesi
835 4060 941 4144 prisca
971 4063 1004 4124 et
1026 4059 1173 4143 populari
1196 4059 1230 4123 in

55 4172 119 4240 hac
143 4197 178 4239 re
201 4175 234 4240 id
258 4176 365 4240 differt
388 4177 472 4259 quod
495 4175 578 4239 hanc
604 4173 747 4260 rhythmi
777 4175 985 4241 mutationem
1008 4178 1096 4240 certo
1120 4174 1229 4240 ordina
1315 4167 1319 4175 ’

56 4290 205 4355 discribit
227 4292 426 4375 plerumque.
