2910 4778
615 319 685 366 can.
705 319 763 367 vn.
783 311 798 378 ς
819 319 852 365 a·
967 368 969 372 ,
1229 317 1316 366 cxxv

139 495 240 558 etiam
264 495 298 557 in
322 493 436 557 iambis
461 514 497 556 ac
520 491 680 556 trochaeis
705 493 897 556 inueniatur.
944 492 1151 576 quamobrem
1174 492 1316 556 hocloco

138 610 368 694 disputationis
392 614 495 673 metra
520 609 699 673 discernere
723 630 784 673 non
810 631 890 693 opus
913 609 984 672 fuit.

251 842 268 924 ξ
294 843 323 905 6.
370 841 430 905 Est
454 841 551 904 etiam
574 839 801 924 trisyllaba
824 841 1057 904 imminutio
1082 843 1121 904 et
1148 841 1316 920 cretici,

108 951 111 955 ’
137 958 210 1022 siue
235 959 356 1040 positus
380 961 428 1020 est
452 979 509 1040 pro
534 956 669 1040 dactylo,
694 957 761 1020 siue
785 978 843 1039 pro
868 960 1051 1039 anapaesto,
1077 960 1116 1019 et
1139 978 1317 1039 anapae-

138 1075 213 1152 sti,
250 1073 276 1136 si
305 1094 453 1137 mensura
488 1095 551 1136 non
583 1074 655 1156 plus
688 1072 776 1136 ualet
799 1095 895 1156 quam
919 1072 1109 1155 tribrachys.
1156 1094 1194 1156 ea
1219 1073 1319 1136 rnaior

139 1190 273 1254 licentia
308 1189 340 1252 in
365 1188 555 1271 graecanica
578 1210 778 1252 romanorum
802 1189 891 1272 poesi
915 1189 982 1252 fere
1007 1187 1247 1270 circumscripta
1271 1190 1319 1251 est

138 1305 323 1388 anapaestis
348 1307 380 1367 et
404 1304 539 1387 dactylis
557 1304 855 1386 'antiquissimorum
879 1304 1094 1380 scenicorum;
1119 1326 1177 1367 nec
1206 1308 1315 1366 tamen

138 1423 183 1486 ab
207 1422 247 1484 iis
271 1421 411 1498 inuenta,
435 1442 572 1503 namque
597 1421 638 1484 ab
661 1420 822 1502 incompta
846 1424 878 1482 et
893 1419 965 1483 rudi
982 1423 1050 1483 arte
1070 1420 1316 1483 domesticorum

136 1537 319 1601 carminum
342 1536 487 1619 profecta
511 1538 569 1600 est.
615 1535 670 1598 sed
695 1536 762 1599 eius
786 1535 833 1599 rei
857 1535 1003 1619 exempla
1027 1535 1060 1598 in
1084 1535 1230 1599 uersibus
1255 1536 1316 1598 ita-

137 1654 211 1716 licis
247 1652 385 1735 antiquis
421 1655 454 1715 et
488 1673 561 1714 rara
595 1655 669 1714 sunt
704 1673 761 1714 nec
792 1651 859 1715 ulla
894 1651 955 1714 nisi
988 1652 1021 1714 in
1045 1651 1239 1714 carminibus
1264 1653 1319 1714 aut

90 1811 93 1814 -
135 1767 373 1851 antiquissimis
399 1770 454 1830 aut
477 1767 614 1830 rusticis.

258 1881 307 1946 Ac
348 1883 487 1966 primunr
522 1904 715 1966 exponemus
749 1882 1003 1946 imminutionem
1031 1883 1144 1947 critici.
1190 1904 1228 1946 ea
1254 1886 1322 1947 tum

137 2003 191 2064 est
216 2000 249 2062 in
272 2020 350 2063 uoce
375 2002 443 2061 tum
466 1999 499 2061 in
524 1999 613 2062 exitu
636 1999 722 2062 uocis
747 2003 815 2061 turn
838 1999 872 2061 in
896 1999 1027 2062 uocibus
1053 1999 1184 2063 duabus,

253 2113 290 2178 ln
324 2115 385 2179 hac
419 2115 520 2199 igitur
554 2115 685 2179 licentia
710 2119 741 2178 et
764 2116 938 2197 asperitate
962 2115 1070 2198 paullo
1094 2115 1197 2178 leuius
1222 2120 1269 2179 est
1293 2116 1320 2179 si

137 2236 214 2316 post
237 2231 422 2295 trochaeum
453 2230 714 2313 praepositio
738 2231 1024 2314 monosyllaba
1047 2231 1086 2294 in
1110 2232 1318 2314 positione

141 2348 253 2413 breuis
277 2345 423 2410 habetur.

256 2464 301 2526 sic
325 2463 357 2525 in
381 2463 526 2527 uersibus
549 2462 666 2525 italicis
691 2462 847 2544 antiquis:

144 2579 312 2661 Comprec.
337 2581 357 2642 4
382 2578 498 2654 (Carm.
523 2576 649 2658 Arual.)
717 2578 789 2641 siris
813 2579 1030 2658 incurrere,
1055 2579 1095 2642 in
1121 2580 1252 2662 pleores.

220 2747 232 2774 „
329 2696 379 2758 15.
404 2696 423 2756 2
448 2694 580 2776 prosit
603 2693 649 2757 aa
673 2695 756 2777 quod
779 2699 811 2757 te
835 2695 951 2780 colligo

144 2809 235 2875 Sent.
261 2811 301 2874 68
327 2811 347 2873 b
373 2811 389 2874 l
449 2808 643 2893 Quisquis
667 2810 713 2872 td
732 2814 782 2873 me
799 2811 989 2873 nouissimus
1006 2814 1080 2893 (quo
1096 2810 1165 2874 loco
1182 2810 1319 2876 conieci:

1003 2927 1171 3009 'quisque')

254 3042 288 3104 in
324 3041 504 3123 anapaestis
539 3040 697 3104 Plautinis
731 3042 816 3104 idem
851 3064 909 3105 usu
933 3043 1041 3105 uenire
1065 3063 1159 3105 nemo
1182 3043 1320 3126 ignorat.

144 3180 246 3241 quare
282 3157 472 3240 supersedeo
507 3156 594 3220 locos
630 3157 698 3219 eius
734 3158 861 3241 generis
886 3158 1077 3221 adscribere.
1123 3158 1321 3241 quinetiam

143 3273 179 3336 in
202 3272 379 3336 trochaicos
403 3294 513 3336 uersus
536 3273 697 3336 interdum
719 3273 846 3337 uidetur
874 3273 1046 3336 admissum
1063 3295 1141 3337 esse.
1189 3273 1320 3337 Plautus

145 3388 246 3453 Stich.
285 3390 481 3453 331=332
524 3388 552 3452 U
586 3376 771 3471 'Respice
806 3389 852 3451 ad
876 3390 926 3452 me
950 3390 981 3451 et
1004 3388 1149 3472 relinque
1173 3393 1327 3473 egentem.

144 3504 333 3588 parasitum,
356 3503 545 3588 Panegyris'
571 3504 718 3567 Gustatus
748 3504 929 3588 Ussinqius:
951 3504 1088 3587 Respice
1114 3506 1153 3568 ad
1176 3506 1249 3568 med
1273 3505 1322 3568 A:

143 3619 283 3702 Respice
318 3630 368 3683 me
403 3627 469 3683 cett.
516 3618 616 3684 Stich.
653 3620 889 3685 *696=*7oo
927 3620 956 3683 U
984 3619 1044 3684 Sal
1069 3622 1171 3684 amica
1194 3643 1265 3684 mea
1289 3624 1321 3684 et

141 3739 202 3799 tria
237 3736 312 3798 dum
347 3739 475 3799 cunctat
510 3736 680 3820 dumque
716 3758 755 3800 se
787 3737 934 3810 bxornat
959 3737 1014 3799 nos
1040 3737 1109 3800 uolo
1140 3736 1323 3818 Uaaiapius:

143 3851 242 3915 comit
266 3851 434 3933 dumque
458 3873 497 3914 se
522 3852 659 3915 exornat
675 3874 705 3916 n.
722 3874 752 3915 u.
771 3851 972 3915 Ocirnaurias
990 3853 1203 3916 Fleclccisenus
1231 3852 1322 3915 Goet·

140 3968 235 4030 zius:
258 3971 350 4029 cenat
374 3966 499 4048 (caenat
524 3967 593 4043 OD)
618 3968 647 4031 d.
672 3990 702 4050 q.
727 3989 760 4030 se
786 3971 919 4031 exornat
942 3991 973 4031 n.
998 3991 1028 4032 u.
1053 3969 1136 4031 libri.
1184 3968 1239 4031 sed
1256 3968 1321 4031 for-

141 4086 231 4145 tasse
255 4083 457 4146 scribendum
483 4086 531 4146 est
556 4083 640 4145 'dum
665 4086 803 4162 cunctat,
829 4084 904 4147 dum
928 4106 961 4148 se
979 4086 1132 4148 exornat'.
1180 4085 1220 4146 of.
1239 4082 1320 4148 OFG

141 4194 295 4262 Muelleri
330 4220 414 4280 pros.
451 4220 482 4280 p.
519 4198 583 4261 314
619 4219 666 4281 sq.
713 4196 899 4263 Vidulariae
923 4200 961 4264 fr.
986 4197 1081 4263 XXII
1106 4199 1212 4263 'iuben
1236 4199 1319 4264 bunc

140 4313 257 4377 insui
292 4312 335 4376 in
370 4313 484 4377 culleo*
509 4311 743 4378 Studemundus
766 4315 868 4378 uoluit
892 4337 959 4380 esse
985 4317 1105 4379 exitum
1128 4317 1318 4399 septenarii3
