2910 4778
565 307 634 353 OAP.
653 307 724 353 VIII.
1114 306 1228 357 CLXVII

55 477 135 541 uber
168 476 322 561 Porphyr.
348 479 389 543 ad
423 478 501 542 Hor.
525 482 584 544 sal.
609 475 625 542 I
650 481 678 543 1.
706 480 779 545 llo.
825 477 885 544 Ou.
909 502 936 545 a.
962 502 990 543 a.
1014 476 1128 556 1349,
1152 478 1228 543 ouo

59 591 135 656 WA
161 591 208 656 VI
232 595 282 658 15.

167 709 242 774 Fuit
269 710 366 774 etiam
390 733 496 775 rerum
519 711 750 795 turpicularum
774 715 806 775 et
830 711 1018 776 deformium
1041 711 1118 775 sabis
1143 710 1227 775 bella

55 825 210 890 materies
234 824 273 889 ad
297 826 440 910 argutias
464 825 716 909 prouerbiorum.
762 828 798 890 ut

167 944 200 1017 α)
223 940 264 1005 In
286 942 350 1004 ulio
370 941 548 1024 pediculum
570 942 667 1022 uides,
692 944 726 1005 in
738 949 794 1006 bele
809 945 945 1007 ricinum
960 963 1022 1006 uon
1038 943 1135 1006 uicies.
1154 941 1227 1004 Ma·

55 1064 148 1120 lucem
181 1057 261 1120 muli
293 1057 432 1121 scabunt.
484 1055 584 1119 Unius
611 1057 741 1140 percellis
767 1056 883 1120 scabies
906 1064 1001 1121 tolum
1025 1057 1227 1121 omnmaculal

48 1193 189 1256 ‚quecun

168 1288 199 1370 β)
222 1288 263 1351 In
286 1289 373 1352 molli
394 1310 488 1352 earne
509 1308 629 1352 uermes
651 1297 826 1353 nascmclur
847 1287 975 1353 Patron.
999 1308 1026 1351 o.
1048 1262 1120 1353 57.ι
1154 1287 1228 1349 Val-

58 1411 112 1466 lur
147 1411 200 1485 esi,
237 1404 372 1468 cadauer
406 1410 558 1488 erspeelal
593 1402 665 1467 Seu.
701 1425 751 1486 ep.
776 1404 828 1469 95.
853 1404 921 1469 43..
953 1403 1106 1467 Erasmus
1131 1404 1226 1467 1714.

58 1520 189 1584 Malum
211 1519 271 1583 sibi
304 1521 376 1583 auis
398 1527 485 1583 cacal
508 1518 583 1583 Isid.
607 1520 687 1604 orIg.
711 1517 775 1583 XII
799 1521 828 1584 7.
854 1520 906 1583 11.
930 1518 1035 1583 Plaul.
1061 1541 1112 1602 ap.
1136 1517 1226 1582 Seru.

57 1636 91 1699 in
115 1635 197 1699 Aen.
222 1633 270 1698 VI
294 1637 368 1699 205.
410 1626 480 1699 ‘Ubi
502 1635 575 1698 uber
597 1634 641 1698 ibi
663 1634 749 1699 luber
772 1633 869 1718 Apul.
894 1634 978 1700 Flor.
1005 1636 1055 1699 18.

166 1892 228 1958 Sed
257 1897 385 1959 transeo
408 1895 448 1959 ad
472 1916 614 1978 eaquae
640 1895 680 1959 ab
704 1894 853 1977 operibus
878 1897 910 1958 el
933 1893 1077 1958 artificiis
1103 1897 1135 1956 el
1158 1915 1228 1956 mu-

56 2010 188 2074 neribus
211 2010 297 2074 uilae
321 2009 478 2075 huma-nae
503 2011 597 2074 duola
613 2013 695 2073 sunt.

166 2128 199 2201 α)
223 2124 322 2189 Paria
344 2127 451 2189 itineri
473 2126 691 2210 lonyissimasl.
737 2124 908 2188 Fulmenla
930 2125 1039 2188 lectum
1063 2125 1227 2190 scandunt.

51 2241 224 2306 -Slraboues
256 2241 363 2304 bolera
395 2248 541 2325 speciant,
565 2241 706 2304 lancium
735 2241 855 2305 lollunl.
903 2239 1052 2325 Sequilur
1073 2262 1156 2303 uara
1178 2241 1229 2304 ai·

57 2358 155 2420 biam.
203 2356 296 2420 Coelo
330 2357 562 2420 numerabimus
595 2364 674 2420 erla.
722 2356 880 2419 Sociorum
916 2357 979 2420 olla
1013 2357 1093 2420 male
1117 2357 1228 2437 fornel.

57 2472 152 2536 Malo
175 2472 253 2535 nodo
276 2472 379 2535 malus
402 2493 524 2535 cuneus.

168 2641 199 2723 β)
222 2641 347 2705 Nouam
369 2641 506 2705 cribrum
529 2663 610 2705 nouo
626 2642 749 2726 pocillo
768 2641 901 2725 percdeal
923 2639 1028 2704 Varro
1052 2638 1116 2704 sat.
1141 2639 1226 2705 Men.

53 2779 111 2841 ap.
146 2754 228 2820 Non.
265 2780 296 2840 p.
334 2759 398 2822 153
433 2757 488 2820 bis.
536 2757 610 2821 Sine
626 2757 742 2840 peririis
768 2757 876 2819 nolare
898 2757 962 2819 bau
983 2755 1107 2837 facilen
1129 2751 1227 2839 Wyss

55 2874 97 2936 ds
134 2893 223 2954 prou.
253 2894 284 2955 p.
310 2873 362 2938 91.
409 2873 546 2936 Manum
570 2879 597 2935 el
620 2879 755 2935 mentum
778 2870 864 2935 Fest.
891 2872 952 2936 132
974 2870 1092 2934 Ibercr.
1108 2899 1149 2922 =
1165 2871 1227 2935 149

57 2989 104 3064 M,
130 3009 291 3072 graecum.
337 2987 482 3052 Interes
505 2996 532 3051 el
555 2987 649 3069 offam
673 2988 771 3050 mulla
795 2988 984 3051 interuenire
1004 2994 1133 3070 pessimi
1150 2985 1228 3049 Calo

57 3127 113 3186 ap.
137 3101 218 3168 Gall.
242 3100 334 3168 XIII.
352 3104 403 3167 18.
424 3104 452 3166 1.
488 3102 644 3183 (Patellae
659 3103 788 3186 clinnum
804 3102 983 3186 operculum
998 3098 1074 3164 ouo
1091 3099 1227 3165 Woelffl.

58 3218 160 3283 Aah.
184 3218 215 3281 V
250 3220 303 3298 14,
327 3240 495 3305 graecum
526 3219 581 3281 ssd
606 3218 800 3282 cofortasse
824 3216 1078 3295 conuenientia,
1103 3217 1157 3279 sed
1182 3217 1229 3279 lo-

58 3335 169 3412 cutio.)
214 3334 309 3398 Anus
330 3355 457 3399 rursum
482 3335 525 3398 ml
546 3334 708 3397 armillum
733 3332 831 3396 Lucil.
857 3332 920 3396 579
945 3330 984 3413 B,
1009 3332 1046 3396 de
1067 3354 1129 3415 quo
1145 3331 1229 3395 Bua-

55 3450 169 3515 cheler
192 3474 233 3516 m.
256 3450 304 3515 rh.
329 3448 438 3515 XLIII
463 3452 536 3516 292.
585 3449 652 3515 Sibi
674 3451 803 3534 quisque
825 3449 898 3511 ruri
913 3447 998 3511 metii
1014 3446 1118 3511 Plaut.
1135 3447 1229 3512 Most.

59 3564 110 3631 III
134 3569 164 3631 2.
191 3568 263 3631 112.
316 3567 355 3630 Ul
377 3573 536 3630 sementem
558 3565 669 3647 feceris
691 3566 737 3626 ila
759 3569 850 3627 meles
873 3562 937 3627 Oia.
964 3563 1002 3626 de
1027 3585 1073 3627 or.
1098 3559 1130 3624 II
1154 3564 1229 3628 261.

50 3723 57 3758 ·.
169 3681 244 3745 Non
264 3703 392 3767 possum
415 3689 516 3767 loqam
536 3687 730 3765 praelectum
745 3700 881 3764 sperare,
898 3700 967 3742 cerm
984 3679 1144 3742 exordium
1156 3677 1230 3760 prel-

57 3799 126 3862 lum
148 3798 273 3861 uideam
296 3796 428 3872 Quintil.
452 3795 482 3861 V
510 3799 559 3861 lo.
580 3795 631 3859 71.
679 3794 762 3878 quod
778 3793 983 3878 prouerbium
1000 3816 1018 3857 a
1034 3792 1230 3868 QuIniiIiano

54 3912 252 3976 dictumest
276 3916 308 3976 ei
330 3913 495 3977 uerbosias
520 3916 552 3975 et
574 3911 678 3974 minus
702 3912 854 3974 concinne
878 3931 971 3993 quam
996 3931 1056 3991 par
1071 3911 1128 3972 est.
1165 3909 1230 3971 for·

53 4032 145 4092 'tasse
168 4028 272 4111 primo
296 4028 425 4092 fueruui
447 4026 657 4111 paroemiaci:
682 4026 757 4089 Non
780 4028 868 4111 spiro
892 4026 993 4109 lbyam
1010 4024 1205 4108 praeliatum
1224 4020 1227 4108 Ι

54 4165 130 4209 cum
165 4144 325 4207 eubrclium
356 4144 481 4229 pullum
516 4143 647 4208 culleum.
685 4177 725 4187 -
763 4142 825 4221 Qui
858 4143 892 4205 la
908 4141 1044 4226 peryula
1072 4146 1232 4203 inaurari

54 4260 150 4324 uelles
173 4281 232 4322 non
264 4261 440 4323 sounniaiur
464 4258 549 4323 Petr.
575 4258 626 4323 74.
655 4295 693 4302 -
721 4257 908 4341 Tranquillo
931 4255 1058 4341 qllilibel
1078 4255 1232 4339 nuberca-
