<?xml version="1.0" encoding="UTF-8"?>
<!DOCTYPE html PUBLIC "-//W3C//DTD XHTML 1.0 Transitional//EN"
    "http://www.w3.org/TR/xhtml1/DTD/xhtml1-transitional.dtd">
<html xmlns="http://www.w3.org/1999/xhtml" xml:lang="en" lang="en">
 <head>
  <title>
</title>
<meta http-equiv="Content-Type" content="text/html;charset=utf-8" />
  <meta name='ocr-system' content='tesseract 3.04.00' />
  <meta name='ocr-capabilities' content='ocr_page ocr_carea ocr_par ocr_line ocrx_word'/>
</head>
<body>
  <div class='ocr_page' id='page_1' title='image "./versvsitalician00zandgoog_0067.png"; bbox 0 0 2910 4778; ppageno 0'>
   <div class='ocr_carea' id='block_1_1' title="bbox 230 305 892 353">
    <p class='ocr_par' dir='ltr' id='par_1_1' title="bbox 230 305 892 353">
     <span class='ocr_line' id='line_1_1' title="bbox 230 305 892 353; baseline 0 0"><span class='ocrx_word' id='word_1_1' title='bbox 230 306 288 353; x_wconf 85' lang='lat' dir='ltr'><strong>LIV</strong></span> <span class='ocrx_word' id='word_1_2' title='bbox 416 328 420 337; x_wconf 91' lang='lat'><em>·</em></span> <span class='ocrx_word' id='word_1_3' title='bbox 731 305 776 352; x_wconf 82' lang='lat' dir='ltr'><strong>DE</strong></span> <span class='ocrx_word' id='word_1_4' title='bbox 795 306 892 353; x_wconf 79' lang='lat' dir='ltr'><strong>COMP.</strong></span> 
     </span>
    </p>
   </div>
   <div class='ocr_carea' id='block_1_2' title="bbox 231 477 1404 1954">
    <p class='ocr_par' dir='ltr' id='par_1_2' title="bbox 232 477 1404 672">
     <span class='ocr_line' id='line_1_2' title="bbox 233 477 1404 564; baseline 0.008 -22"><span class='ocrx_word' id='word_1_5' title='bbox 233 483 289 543; x_wconf 86' lang='lat' dir='ltr'><strong>ant</strong></span> <span class='ocrx_word' id='word_1_6' title='bbox 322 479 446 557; x_wconf 84' lang='lat' dir='ltr'><strong>iambis,</strong></span> <span class='ocrx_word' id='word_1_7' title='bbox 481 479 548 543; x_wconf 91' lang='lat' dir='ltr'><strong>siue</strong></span> <span class='ocrx_word' id='word_1_8' title='bbox 583 477 690 543; x_wconf 83' lang='lat' dir='ltr'><strong>hiatus</strong></span> <span class='ocrx_word' id='word_1_9' title='bbox 724 483 773 543; x_wconf 87' lang='lat' dir='ltr'><strong>est</strong></span> <span class='ocrx_word' id='word_1_10' title='bbox 806 479 839 543; x_wconf 91' lang='lat' dir='ltr'><strong>in</strong></span> <span class='ocrx_word' id='word_1_11' title='bbox 874 478 981 564; x_wconf 84' lang='lat' dir='ltr'><strong>aliquo</strong></span> <span class='ocrx_word' id='word_1_12' title='bbox 1015 482 1230 547; x_wconf 88' lang='lat' dir='ltr'><strong>membrorum</strong></span> <span class='ocrx_word' id='word_1_13' title='bbox 1266 484 1404 551; x_wconf 87' lang='lat' dir='ltr'><strong>confinio</strong></span> 
     </span>
     <span class='ocr_line' id='line_1_3' title="bbox 232 595 508 672; baseline 0.007 -14"><span class='ocrx_word' id='word_1_14' title='bbox 232 595 300 659; x_wconf 87' lang='lat' dir='ltr'><strong>sine</strong></span> <span class='ocrx_word' id='word_1_15' title='bbox 323 617 384 660; x_wconf 90' lang='lat' dir='ltr'><strong>non</strong></span> <span class='ocrx_word' id='word_1_16' title='bbox 408 598 456 659; x_wconf 87' lang='lat' dir='ltr'><strong>est</strong></span> <span class='ocrx_word' id='word_1_17' title='bbox 474 595 508 672; x_wconf 88' lang='lat'><strong>¹).</strong></span> 
     </span>
    </p>

    <p class='ocr_par' dir='ltr' id='par_1_3' title="bbox 231 707 1404 1141">
     <span class='ocr_line' id='line_1_4' title="bbox 339 707 1404 795; baseline 0.007 -19"><span class='ocrx_word' id='word_1_18' title='bbox 339 707 565 795; x_wconf 84' lang='lat' dir='ltr'><strong>Sy&#39;stemata</strong></span> <span class='ocrx_word' id='word_1_19' title='bbox 587 731 712 794; x_wconf 88' lang='lat' dir='ltr'><strong>quoque</strong></span> <span class='ocrx_word' id='word_1_20' title='bbox 735 710 863 776; x_wconf 90' lang='lat' dir='ltr'><strong>nomino</strong></span> <span class='ocrx_word' id='word_1_21' title='bbox 885 711 1040 795; x_wconf 77' lang='lat' dir='ltr'><strong>periodos,</strong></span> <span class='ocrx_word' id='word_1_22' title='bbox 1057 716 1093 777; x_wconf 93' lang='lat' dir='ltr'><strong>ut</strong></span> <span class='ocrx_word' id='word_1_23' title='bbox 1108 735 1302 780; x_wconf 89' lang='lat' dir='ltr'><strong>uersuum</strong></span> <span class='ocrx_word' id='word_1_24' title='bbox 1320 740 1404 783; x_wconf 91' lang='lat' dir='ltr'><strong>com·</strong></span> 
     </span>
     <span class='ocr_line' id='line_1_5' title="bbox 231 826 1404 910; baseline 0.007 -20"><span class='ocrx_word' id='word_1_25' title='bbox 231 826 402 910; x_wconf 76' lang='lat' dir='ltr'><strong>pleniores,</strong></span> <span class='ocrx_word' id='word_1_26' title='bbox 426 826 540 910; x_wconf 87' lang='lat' dir='ltr'><strong>quibus</strong></span> <span class='ocrx_word' id='word_1_27' title='bbox 564 847 691 890; x_wconf 86' lang='lat' dir='ltr'><strong>carmen</strong></span> <span class='ocrx_word' id='word_1_28' title='bbox 715 826 887 904; x_wconf 85' lang='lat' dir='ltr'><strong>diuiur‚dat</strong></span> <span class='ocrx_word' id='word_1_29' title='bbox 910 831 1030 892; x_wconf 89' lang='lat' dir='ltr'><strong>utnon</strong></span> <span class='ocrx_word' id='word_1_30' title='bbox 1054 832 1120 892; x_wconf 87' lang='lat' dir='ltr'><strong>tam</strong></span> <span class='ocrx_word' id='word_1_31' title='bbox 1143 831 1316 896; x_wconf 89' lang='lat' dir='ltr'><strong>coniuncta</strong></span> <span class='ocrx_word' id='word_1_32' title='bbox 1338 833 1404 898; x_wconf 88' lang='lat' dir='ltr'><strong>cola</strong></span> 
     </span>
     <span class='ocr_line' id='line_1_6' title="bbox 233 942 1404 1028; baseline 0.007 -22"><span class='ocrx_word' id='word_1_33' title='bbox 233 964 328 1027; x_wconf 86' lang='lat' dir='ltr'><strong>quam</strong></span> <span class='ocrx_word' id='word_1_34' title='bbox 353 964 427 1026; x_wconf 87' lang='lat' dir='ltr'><strong>pars</strong></span> <span class='ocrx_word' id='word_1_35' title='bbox 451 942 600 1006; x_wconf 81' lang='lat' dir='ltr'><strong>carminis</strong></span> <span class='ocrx_word' id='word_1_36' title='bbox 623 942 831 1027; x_wconf 79' lang='lat' dir='ltr'><strong>significetur,</strong></span> <span class='ocrx_word' id='word_1_37' title='bbox 855 942 922 1006; x_wconf 87' lang='lat' dir='ltr'><strong>siue</strong></span> <span class='ocrx_word' id='word_1_38' title='bbox 946 965 1095 1008; x_wconf 90' lang='lat' dir='ltr'><strong>numeros</strong></span> <span class='ocrx_word' id='word_1_39' title='bbox 1118 945 1319 1028; x_wconf 81' lang='lat' dir='ltr'><strong>continuant,</strong></span> <span class='ocrx_word' id='word_1_40' title='bbox 1339 949 1404 1014; x_wconf 89' lang='lat' dir='ltr'><strong>siue</strong></span> 
     </span>
     <span class='ocr_line' id='line_1_7' title="bbox 232 1056 1050 1141; baseline 0.001 -18"><span class='ocrx_word' id='word_1_41' title='bbox 232 1080 295 1123; x_wconf 92' lang='lat' dir='ltr'><strong>non</strong></span> <span class='ocrx_word' id='word_1_42' title='bbox 318 1058 503 1123; x_wconf 87' lang='lat' dir='ltr'><strong>continuant</strong></span> <span class='ocrx_word' id='word_1_43' title='bbox 526 1059 577 1135; x_wconf 89' lang='lat' dir='ltr'><strong>(de</strong></span> <span class='ocrx_word' id='word_1_44' title='bbox 601 1079 664 1141; x_wconf 87' lang='lat' dir='ltr'><strong>qua</strong></span> <span class='ocrx_word' id='word_1_45' title='bbox 687 1080 721 1122; x_wconf 86' lang='lat' dir='ltr'><strong>re</strong></span> <span class='ocrx_word' id='word_1_46' title='bbox 745 1057 786 1122; x_wconf 86' lang='lat' dir='ltr'><strong>cf.</strong></span> <span class='ocrx_word' id='word_1_47' title='bbox 811 1056 1050 1141; x_wconf 79' lang='lat' dir='ltr'><strong>Gleditschius).</strong></span> 
     </span>
    </p>

    <p class='ocr_par' dir='ltr' id='par_1_4' title="bbox 232 1172 1404 1954">
     <span class='ocr_line' id='line_1_8' title="bbox 340 1172 1404 1262; baseline 0.006 -23"><span class='ocrx_word' id='word_1_48' title='bbox 340 1174 384 1239; x_wconf 80' lang='lat' dir='ltr'><strong>Et</strong></span> <span class='ocrx_word' id='word_1_49' title='bbox 417 1173 497 1238; x_wconf 88' lang='lat' dir='ltr'><strong>haec</strong></span> <span class='ocrx_word' id='word_1_50' title='bbox 527 1174 693 1257; x_wconf 81' lang='lat' dir='ltr'><strong>praefatus</strong></span> <span class='ocrx_word' id='word_1_51' title='bbox 716 1172 881 1257; x_wconf 81' lang='lat' dir='ltr'><strong>antiquam</strong></span> <span class='ocrx_word' id='word_1_52' title='bbox 904 1175 1164 1258; x_wconf 80' lang='lat' dir='ltr'><strong>compositionem</strong></span> <span class='ocrx_word' id='word_1_53' title='bbox 1187 1176 1404 1262; x_wconf 82' lang='lat' dir='ltr'><strong>rhythmicam</strong></span> 
     </span>
     <span class='ocr_line' id='line_1_9' title="bbox 232 1289 1401 1375; baseline 0.005 -20"><span class='ocrx_word' id='word_1_54' title='bbox 232 1291 265 1371; x_wconf 88' lang='lat' dir='ltr'><strong>in</strong></span> <span class='ocrx_word' id='word_1_55' title='bbox 288 1291 379 1355; x_wconf 89' lang='lat' dir='ltr'><strong>breui</strong></span> <span class='ocrx_word' id='word_1_56' title='bbox 395 1294 566 1374; x_wconf 87' lang='lat' dir='ltr'><strong>conspectu</strong></span> <span class='ocrx_word' id='word_1_57' title='bbox 581 1312 672 1373; x_wconf 93' lang='lat' dir='ltr'><strong>pono.</strong></span> <span class='ocrx_word' id='word_1_58' title='bbox 711 1289 850 1375; x_wconf 89' lang='lat' dir='ltr'><strong>primum</strong></span> <span class='ocrx_word' id='word_1_59' title='bbox 866 1312 988 1368; x_wconf 86' lang='lat' dir='ltr'><strong>moneo,</strong></span> <span class='ocrx_word' id='word_1_60' title='bbox 1004 1291 1089 1374; x_wconf 88' lang='lat' dir='ltr'><strong>quod</strong></span> <span class='ocrx_word' id='word_1_61' title='bbox 1106 1314 1137 1375; x_wconf 89' lang='lat' dir='ltr'><strong>p.</strong></span> <span class='ocrx_word' id='word_1_62' title='bbox 1153 1290 1298 1359; x_wconf 87' lang='lat' dir='ltr'>XXXIV</span> <span class='ocrx_word' id='word_1_63' title='bbox 1315 1317 1401 1360; x_wconf 92' lang='lat' dir='ltr'><strong>com·</strong></span> 
     </span>
     <span class='ocr_line' id='line_1_10' title="bbox 233 1404 1402 1493; baseline 0.005 -22"><span class='ocrx_word' id='word_1_64' title='bbox 233 1407 417 1486; x_wconf 68' lang='lat' dir='ltr'><strong>memoriani,</strong></span> <span class='ocrx_word' id='word_1_65' title='bbox 442 1429 509 1471; x_wconf 86' lang='lat' dir='ltr'><strong>esse</strong></span> <span class='ocrx_word' id='word_1_66' title='bbox 534 1428 685 1491; x_wconf 82' lang='lat' dir='ltr'><strong>magnam</strong></span> <span class='ocrx_word' id='word_1_67' title='bbox 699 1406 882 1470; x_wconf 84' lang='lat' dir='ltr'><strong>libertatem</strong></span> <span class='ocrx_word' id='word_1_68' title='bbox 897 1404 1001 1470; x_wconf 86' lang='lat' dir='ltr'><strong>thesin</strong></span> <span class='ocrx_word' id='word_1_69' title='bbox 1019 1407 1156 1490; x_wconf 83' lang='lat' dir='ltr'><strong>primam</strong></span> <span class='ocrx_word' id='word_1_70' title='bbox 1171 1410 1402 1493; x_wconf 85' lang='lat' dir='ltr'><strong>supprimendi,</strong></span> 
     </span>
     <span class='ocr_line' id='line_1_11' title="bbox 233 1522 1402 1612; baseline 0.004 -24"><span class='ocrx_word' id='word_1_71' title='bbox 233 1546 365 1607; x_wconf 88' lang='lat' dir='ltr'><strong>eamque</strong></span> <span class='ocrx_word' id='word_1_72' title='bbox 399 1525 440 1588; x_wconf 92' lang='lat' dir='ltr'><strong>ob</strong></span> <span class='ocrx_word' id='word_1_73' title='bbox 475 1546 543 1587; x_wconf 87' lang='lat' dir='ltr'><strong>rem</strong></span> <span class='ocrx_word' id='word_1_74' title='bbox 577 1523 645 1587; x_wconf 88' lang='lat' dir='ltr'><strong>cola</strong></span> <span class='ocrx_word' id='word_1_75' title='bbox 679 1522 894 1606; x_wconf 85' lang='lat' dir='ltr'><strong>procatalecta</strong></span> <span class='ocrx_word' id='word_1_76' title='bbox 928 1522 961 1586; x_wconf 90' lang='lat' dir='ltr'><strong>in</strong></span> <span class='ocrx_word' id='word_1_77' title='bbox 995 1544 1052 1588; x_wconf 92' lang='lat' dir='ltr'><strong>suo</strong></span> <span class='ocrx_word' id='word_1_78' title='bbox 1086 1526 1257 1609; x_wconf 86' lang='lat' dir='ltr'><strong>utrumque</strong></span> <span class='ocrx_word' id='word_1_79' title='bbox 1284 1549 1402 1612; x_wconf 84' lang='lat' dir='ltr'><strong>genere</strong></span> 
     </span>
     <span class='ocr_line' id='line_1_12' title="bbox 232 1638 1403 1722; baseline 0.004 -19"><span class='ocrx_word' id='word_1_80' title='bbox 232 1640 273 1703; x_wconf 87' lang='lat' dir='ltr'><strong>ad</strong></span> <span class='ocrx_word' id='word_1_81' title='bbox 306 1638 492 1722; x_wconf 84' lang='lat' dir='ltr'><strong>rhythmum</strong></span> <span class='ocrx_word' id='word_1_82' title='bbox 526 1640 610 1703; x_wconf 88' lang='lat' dir='ltr'><strong>idem</strong></span> <span class='ocrx_word' id='word_1_83' title='bbox 641 1639 708 1703; x_wconf 87' lang='lat' dir='ltr'><strong>fere</strong></span> <span class='ocrx_word' id='word_1_84' title='bbox 732 1638 839 1702; x_wconf 84' lang='lat' dir='ltr'><strong>ualere</strong></span> <span class='ocrx_word' id='word_1_85' title='bbox 863 1640 958 1721; x_wconf 85' lang='lat' dir='ltr'><strong>atque</strong></span> <span class='ocrx_word' id='word_1_86' title='bbox 983 1660 1126 1722; x_wconf 85' lang='lat' dir='ltr'><strong>eaquae</strong></span> <span class='ocrx_word' id='word_1_87' title='bbox 1150 1643 1403 1708; x_wconf 82' lang='lat' dir='ltr'><strong>anacrnsinhe·</strong></span> 
     </span>
     <span class='ocr_line' id='line_1_13' title="bbox 234 1746 1401 1839; baseline 0.003 -19"><span class='ocrx_word' id='word_1_88' title='bbox 234 1757 319 1821; x_wconf 79' lang='lat' dir='ltr'><strong>bont.</strong></span> <span class='ocrx_word' id='word_1_89' title='bbox 365 1756 474 1839; x_wconf 88' lang='lat' dir='ltr'><strong>itaque</strong></span> <span class='ocrx_word' id='word_1_90' title='bbox 499 1753 568 1818; x_wconf 84' lang='lat' dir='ltr'><strong>AB</strong></span> <span class='ocrx_word' id='word_1_91' title='bbox 591 1753 787 1819; x_wconf 71' lang='lat' dir='ltr'><strong>stabant&amp;</strong></span> <span class='ocrx_word' id='word_1_92' title='bbox 811 1751 914 1838; x_wconf 79' lang='grc' dir='ltr'><strong>στίχον</strong></span> <span class='ocrx_word' id='word_1_93' title='bbox 938 1746 1038 1837; x_wconf 84' lang='lat' dir='ltr'><strong>aeque</strong></span> <span class='ocrx_word' id='word_1_94' title='bbox 1061 1756 1239 1839; x_wconf 83' lang='lat' dir='ltr'><strong>composita</strong></span> <span class='ocrx_word' id='word_1_95' title='bbox 1262 1763 1341 1822; x_wconf 90' lang='lat' dir='ltr'><strong>sunt</strong></span> <span class='ocrx_word' id='word_1_96' title='bbox 1357 1763 1401 1824; x_wconf 88' lang='lat' dir='ltr'><strong>at-</strong></span> 
     </span>
     <span class='ocr_line' id='line_1_14' title="bbox 232 1870 513 1954; baseline 0 -19"><span class='ocrx_word' id='word_1_97' title='bbox 232 1893 295 1954; x_wconf 89' lang='lat' dir='ltr'><strong>que</strong></span> <span class='ocrx_word' id='word_1_98' title='bbox 318 1870 383 1934; x_wconf 83' lang='lat' dir='ltr'><strong>AA</strong></span> <span class='ocrx_word' id='word_1_99' title='bbox 407 1873 439 1934; x_wconf 86' lang='lat' dir='ltr'><strong>et</strong></span> <span class='ocrx_word' id='word_1_100' title='bbox 462 1891 513 1935; x_wconf 85' lang='lat' dir='ltr'><strong>aa.</strong></span> 
     </span>
    </p>
   </div>
   <div class='ocr_carea' id='block_1_3' title="bbox 341 2047 1022 2264">
    <p class='ocr_par' dir='ltr' id='par_1_5' title="bbox 341 2047 1022 2264">
     <span class='ocr_line' id='line_1_15' title="bbox 341 2047 839 2132; baseline -0.004 -19"><span class='ocrx_word' id='word_1_101' title='bbox 341 2048 358 2131; x_wconf 64' lang='grc' dir='ltr'><strong>ἓ</strong></span> <span class='ocrx_word' id='word_1_102' title='bbox 384 2050 415 2114; x_wconf 81' lang='lat'><strong>2.</strong></span> <span class='ocrx_word' id='word_1_103' title='bbox 462 2047 655 2132; x_wconf 77' lang='lat' dir='ltr'><strong>Compositio</strong></span> <span class='ocrx_word' id='word_1_104' title='bbox 679 2047 779 2132; x_wconf 86' lang='lat' dir='ltr'><strong>igitur</strong></span> <span class='ocrx_word' id='word_1_105' title='bbox 801 2048 839 2111; x_wconf 89' lang='lat' dir='ltr'><strong>fit</strong></span> 
     </span>
     <span class='ocr_line' id='line_1_16' title="bbox 611 2165 1022 2264; baseline -0.005 -23"><span class='ocrx_word' id='word_1_106' title='bbox 611 2169 641 2241; x_wconf 90' lang='lat' dir='ltr'><strong>I.</strong></span> <span class='ocrx_word' id='word_1_107' title='bbox 696 2165 819 2239; x_wconf 74' lang='grc' dir='ltr'><strong>κατὰ</strong></span> <span class='ocrx_word' id='word_1_108' title='bbox 848 2165 1022 2264; x_wconf 76' lang='grc' dir='ltr'><strong>στίχον.</strong></span> 
     </span>
    </p>
   </div>
   <div class='ocr_carea' id='block_1_4' title="bbox 233 2324 1409 3568">
    <p class='ocr_par' dir='ltr' id='par_1_6' title="bbox 523 2324 1114 2390">
     <span class='ocr_line' id='line_1_17' title="bbox 523 2324 1114 2390; baseline 0 -1"><span class='ocrx_word' id='word_1_109' title='bbox 523 2327 552 2389; x_wconf 94' lang='grc'><strong>1.</strong></span> <span class='ocrx_word' id='word_1_110' title='bbox 599 2347 645 2390; x_wconf 85' lang='lat' dir='ltr'><strong>ex</strong></span> <span class='ocrx_word' id='word_1_111' title='bbox 668 2325 857 2390; x_wconf 85' lang='lat' dir='ltr'><strong>uersibus</strong></span> <span class='ocrx_word' id='word_1_112' title='bbox 879 2324 1114 2389; x_wconf 86' lang='lat' dir='ltr'><strong>monocolis.</strong></span> 
     </span>
    </p>

    <p class='ocr_par' dir='ltr' id='par_1_7' title="bbox 233 2439 1409 3568">
     <span class='ocr_line' id='line_1_18' title="bbox 339 2439 1292 2527; baseline 0.001 -19"><span class='ocrx_word' id='word_1_113' title='bbox 339 2440 504 2508; x_wconf 64' lang='lat' dir='ltr'><strong>assent.</strong></span> <span class='ocrx_word' id='word_1_114' title='bbox 529 2444 587 2518; x_wconf 73' lang='lat'><strong>543</strong></span> <span class='ocrx_word' id='word_1_115' title='bbox 613 2443 666 2507; x_wconf 87' lang='lat'><strong>55.</strong></span> <span class='ocrx_word' id='word_1_116' title='bbox 712 2441 874 2525; x_wconf 81' lang='lat' dir='ltr'><strong>Comprec.</strong></span> <span class='ocrx_word' id='word_1_117' title='bbox 900 2442 951 2505; x_wconf 86' lang='lat'><strong>15.</strong></span> <span class='ocrx_word' id='word_1_118' title='bbox 998 2439 1053 2508; x_wconf 80' lang='lat' dir='ltr'><strong>4ss</strong></span> <span class='ocrx_word' id='word_1_119' title='bbox 1076 2441 1171 2527; x_wconf 79' lang='lat' dir='ltr'><strong>Elog.</strong></span> <span class='ocrx_word' id='word_1_120' title='bbox 1195 2443 1238 2508; x_wconf 84' lang='lat'><strong>33</strong></span> <span class='ocrx_word' id='word_1_121' title='bbox 1254 2443 1292 2521; x_wconf 65' lang='grc'><strong>8).</strong></span> 
     </span>
     <span class='ocr_line' id='line_1_19' title="bbox 233 2555 703 2638; baseline -0.009 -13"><span class='ocrx_word' id='word_1_122' title='bbox 233 2555 341 2638; x_wconf 81' lang='grc' dir='ltr'><strong>Α4Β</strong></span> <span class='ocrx_word' id='word_1_123' title='bbox 365 2556 452 2623; x_wconf 77' lang='lat' dir='ltr'><strong>sent.</strong></span> <span class='ocrx_word' id='word_1_124' title='bbox 477 2558 625 2634; x_wconf 86' lang='grc'><strong>56-58;</strong></span> <span class='ocrx_word' id='word_1_125' title='bbox 651 2558 703 2621; x_wconf 86' lang='grc'><strong>62.</strong></span> 
     </span>
     <span class='ocr_line' id='line_1_20' title="bbox 236 2672 1409 2756; baseline 0.003 -17"><span class='ocrx_word' id='word_1_126' title='bbox 236 2675 284 2740; x_wconf 88' lang='grc'><strong>26</strong></span> <span class='ocrx_word' id='word_1_127' title='bbox 308 2672 391 2738; x_wconf 87' lang='lat' dir='ltr'><strong>Sort.</strong></span> <span class='ocrx_word' id='word_1_128' title='bbox 416 2675 452 2751; x_wconf 85' lang='grc'><strong>6;</strong></span> <span class='ocrx_word' id='word_1_129' title='bbox 477 2674 538 2750; x_wconf 81' lang='lat' dir='ltr'><strong>8b;</strong></span> <span class='ocrx_word' id='word_1_130' title='bbox 563 2675 613 2738; x_wconf 86' lang='lat' dir='ltr'><strong>8c.</strong></span> <span class='ocrx_word' id='word_1_131' title='bbox 659 2672 823 2756; x_wconf 81' lang='lat' dir='ltr'><strong>Comprec.</strong></span> <span class='ocrx_word' id='word_1_132' title='bbox 848 2672 883 2750; x_wconf 74' lang='lat'><strong>23</strong></span> <span class='ocrx_word' id='word_1_133' title='bbox 908 2674 939 2737; x_wconf 96' lang='grc'><strong>4.</strong></span> <span class='ocrx_word' id='word_1_134' title='bbox 964 2675 994 2753; x_wconf 82' lang='grc'><strong>4,</strong></span> <span class='ocrx_word' id='word_1_135' title='bbox 1020 2674 1056 2750; x_wconf 84' lang='grc'><strong>5;</strong></span> <span class='ocrx_word' id='word_1_136' title='bbox 1081 2673 1111 2735; x_wconf 87' lang='grc'><strong>4.</strong></span> <span class='ocrx_word' id='word_1_137' title='bbox 1138 2674 1167 2752; x_wconf 81' lang='grc'><strong>9,</strong></span> <span class='ocrx_word' id='word_1_138' title='bbox 1195 2675 1253 2752; x_wconf 87' lang='grc'><strong>19;</strong></span> <span class='ocrx_word' id='word_1_139' title='bbox 1279 2675 1311 2738; x_wconf 88' lang='lat'><strong>5.</strong></span> <span class='ocrx_word' id='word_1_140' title='bbox 1331 2678 1362 2756; x_wconf 77' lang='lat'><strong>5,</strong></span> <span class='ocrx_word' id='word_1_141' title='bbox 1379 2679 1409 2743; x_wconf 85' lang='lat'><strong>6.</strong></span> 
     </span>
     <span class='ocr_line' id='line_1_21' title="bbox 235 2787 1182 2873; baseline -0.002 -18"><span class='ocrx_word' id='word_1_142' title='bbox 235 2791 282 2856; x_wconf 87' lang='grc'><strong>36</strong></span> <span class='ocrx_word' id='word_1_143' title='bbox 305 2788 391 2854; x_wconf 87' lang='lat' dir='ltr'><strong>Sent.</strong></span> <span class='ocrx_word' id='word_1_144' title='bbox 418 2791 470 2855; x_wconf 87' lang='grc'><strong>70.</strong></span> <span class='ocrx_word' id='word_1_145' title='bbox 496 2792 526 2855; x_wconf 88' lang='grc'><strong>2.</strong></span> <span class='ocrx_word' id='word_1_146' title='bbox 573 2789 738 2872; x_wconf 79' lang='lat' dir='ltr'><strong>Comprec.</strong></span> <span class='ocrx_word' id='word_1_147' title='bbox 764 2789 794 2852; x_wconf 89' lang='grc'><strong>9.</strong></span> <span class='ocrx_word' id='word_1_148' title='bbox 821 2791 962 2854; x_wconf 84' lang='grc'><strong>23-25.</strong></span> <span class='ocrx_word' id='word_1_149' title='bbox 1009 2787 1103 2873; x_wconf 81' lang='lat' dir='ltr'><strong>Elog.</strong></span> <span class='ocrx_word' id='word_1_150' title='bbox 1130 2789 1182 2854; x_wconf 88' lang='grc'><strong>14.</strong></span> 
     </span>
     <span class='ocr_line' id='line_1_22' title="bbox 234 2904 1156 2990; baseline -0.005 -17"><span class='ocrx_word' id='word_1_151' title='bbox 234 2905 282 2973; x_wconf 84' lang='grc'><strong>46</strong></span> <span class='ocrx_word' id='word_1_152' title='bbox 306 2906 400 2990; x_wconf 82' lang='lat' dir='ltr'><strong>Elog.</strong></span> <span class='ocrx_word' id='word_1_153' title='bbox 426 2907 477 2971; x_wconf 85' lang='lat'><strong>15.</strong></span> <span class='ocrx_word' id='word_1_154' title='bbox 525 2904 688 2987; x_wconf 80' lang='lat' dir='ltr'><strong>Comprec.</strong></span> <span class='ocrx_word' id='word_1_155' title='bbox 715 2907 745 2969; x_wconf 87' lang='grc'><strong>9.</strong></span> <span class='ocrx_word' id='word_1_156' title='bbox 770 2906 868 2970; x_wconf 81' lang='grc'><strong>2-4.</strong></span> <span class='ocrx_word' id='word_1_157' title='bbox 914 2905 1009 2990; x_wconf 79' lang='lat' dir='ltr'><strong>Elog.</strong></span> <span class='ocrx_word' id='word_1_158' title='bbox 1036 2906 1076 2968; x_wconf 89' lang='grc'><strong>16</strong></span> <span class='ocrx_word' id='word_1_159' title='bbox 1099 2905 1156 2968; x_wconf 85' lang='lat' dir='ltr'><strong>bis.</strong></span> 
     </span>
     <span class='ocr_line' id='line_1_23' title="bbox 238 3019 1208 3104; baseline -0.004 -16"><span class='ocrx_word' id='word_1_160' title='bbox 238 3021 528 3104; x_wconf 55' lang='grc'><strong>2600116664.</strong></span> <span class='ocrx_word' id='word_1_161' title='bbox 554 3021 584 3100; x_wconf 84' lang='grc'><strong>6,</strong></span> <span class='ocrx_word' id='word_1_162' title='bbox 610 3022 640 3086; x_wconf 93' lang='grc'><strong>7.</strong></span> <span class='ocrx_word' id='word_1_163' title='bbox 686 3019 733 3086; x_wconf 86' lang='lat' dir='ltr'><strong>3h</strong></span> <span class='ocrx_word' id='word_1_164' title='bbox 759 3020 922 3104; x_wconf 81' lang='lat' dir='ltr'><strong>Comprec.</strong></span> <span class='ocrx_word' id='word_1_165' title='bbox 950 3023 1008 3099; x_wconf 83' lang='lat'><strong>12;</strong></span> <span class='ocrx_word' id='word_1_166' title='bbox 1034 3022 1086 3085; x_wconf 93' lang='grc'><strong>14.</strong></span> <span class='ocrx_word' id='word_1_167' title='bbox 1111 3022 1208 3085; x_wconf 88' lang='grc'><strong>6-8.</strong></span> 
     </span>
     <span class='ocr_line' id='line_1_24' title="bbox 236 3137 1157 3223; baseline -0.008 -17"><span class='ocrx_word' id='word_1_168' title='bbox 236 3137 284 3206; x_wconf 88' lang='lat' dir='ltr'><strong>4b</strong></span> <span class='ocrx_word' id='word_1_169' title='bbox 308 3139 471 3223; x_wconf 80' lang='lat' dir='ltr'><strong>Comprec.</strong></span> <span class='ocrx_word' id='word_1_170' title='bbox 497 3140 528 3203; x_wconf 87' lang='lat'><strong>9.</strong></span> <span class='ocrx_word' id='word_1_171' title='bbox 554 3140 650 3202; x_wconf 84' lang='grc'><strong>5-8.</strong></span> <span class='ocrx_word' id='word_1_172' title='bbox 697 3137 744 3204; x_wconf 79' lang='lat' dir='ltr'><strong>eb</strong></span> <span class='ocrx_word' id='word_1_173' title='bbox 769 3137 933 3220; x_wconf 80' lang='lat' dir='ltr'><strong>Compreo.</strong></span> <span class='ocrx_word' id='word_1_174' title='bbox 959 3137 988 3200; x_wconf 88' lang='grc'><strong>9.</strong></span> <span class='ocrx_word' id='word_1_175' title='bbox 1016 3137 1157 3201; x_wconf 87' lang='grc'><strong>17-22.</strong></span> 
     </span>
     <span class='ocr_line' id='line_1_25' title="bbox 236 3252 1003 3340; baseline -0.008 -19"><span class='ocrx_word' id='word_1_176' title='bbox 236 3254 351 3336; x_wconf 71' lang='grc'><strong>2644)</strong></span> <span class='ocrx_word' id='word_1_177' title='bbox 374 3255 469 3340; x_wconf 82' lang='lat' dir='ltr'><strong>Elog.</strong></span> <span class='ocrx_word' id='word_1_178' title='bbox 496 3256 548 3319; x_wconf 87' lang='lat'><strong>13.</strong></span> <span class='ocrx_word' id='word_1_179' title='bbox 594 3252 735 3335; x_wconf 74' lang='grc'><strong>26426</strong></span> <span class='ocrx_word' id='word_1_180' title='bbox 759 3252 924 3337; x_wconf 82' lang='lat' dir='ltr'><strong>Comprec.</strong></span> <span class='ocrx_word' id='word_1_181' title='bbox 950 3252 1003 3316; x_wconf 88' lang='grc'><strong>16.</strong></span> 
     </span>
     <span class='ocr_line' id='line_1_26' title="bbox 236 3367 1330 3455; baseline -0.004 -18"><span class='ocrx_word' id='word_1_182' title='bbox 236 3370 419 3452; x_wconf 72' lang='grc'><strong>264646</strong></span> <span class='ocrx_word' id='word_1_183' title='bbox 442 3370 607 3455; x_wconf 82' lang='lat' dir='ltr'><strong>Comprec.</strong></span> <span class='ocrx_word' id='word_1_184' title='bbox 635 3371 685 3435; x_wconf 92' lang='grc'><strong>17.</strong></span> <span class='ocrx_word' id='word_1_185' title='bbox 732 3367 940 3450; x_wconf 71' lang='grc'><strong>2646446</strong></span> <span class='ocrx_word' id='word_1_186' title='bbox 963 3368 1128 3450; x_wconf 78' lang='lat' dir='ltr'><strong>Comprec.</strong></span> <span class='ocrx_word' id='word_1_187' title='bbox 1153 3368 1183 3431; x_wconf 87' lang='lat'><strong>8.</strong></span> <span class='ocrx_word' id='word_1_188' title='bbox 1209 3369 1330 3434; x_wconf 83' lang='lat'><strong>6-12.</strong></span> 
     </span>
     <span class='ocr_line' id='line_1_27' title="bbox 236 3482 1162 3568; baseline -0.006 -13"><span class='ocrx_word' id='word_1_189' title='bbox 236 3487 418 3568; x_wconf 75' lang='grc'><strong>646446</strong></span> <span class='ocrx_word' id='word_1_190' title='bbox 444 3487 524 3552; x_wconf 86' lang='lat' dir='ltr'><strong>Ded.</strong></span> <span class='ocrx_word' id='word_1_191' title='bbox 551 3488 581 3553; x_wconf 84' lang='lat'><strong>7.</strong></span> <span class='ocrx_word' id='word_1_192' title='bbox 609 3487 703 3551; x_wconf 85' lang='lat'><strong>1-6.</strong></span> <span class='ocrx_word' id='word_1_193' title='bbox 750 3482 866 3566; x_wconf 78' lang='grc'><strong>4641)</strong></span> <span class='ocrx_word' id='word_1_194' title='bbox 891 3484 1055 3568; x_wconf 83' lang='lat' dir='ltr'><strong>Comprec.</strong></span> <span class='ocrx_word' id='word_1_195' title='bbox 1082 3486 1112 3549; x_wconf 90' lang='grc'><strong>6.</strong></span> <span class='ocrx_word' id='word_1_196' title='bbox 1136 3483 1162 3549; x_wconf 89' lang='lat' dir='ltr'><strong>I.</strong></span> 
     </span>
    </p>
   </div>
   <div class='ocr_carea' id='block_1_5' title="bbox 235 3667 1415 4375">
    <p class='ocr_par' dir='ltr' id='par_1_8' title="bbox 235 3667 1415 4180">
     <span class='ocr_line' id='line_1_28' title="bbox 347 3667 1415 3748; baseline -0.001 -16"><span class='ocrx_word' id='word_1_197' title='bbox 347 3667 370 3744; x_wconf 88' lang='lat'><strong>¹)</strong></span> <span class='ocrx_word' id='word_1_198' title='bbox 394 3673 462 3732; x_wconf 90' lang='lat' dir='ltr'><strong>Uno</strong></span> <span class='ocrx_word' id='word_1_199' title='bbox 495 3674 560 3732; x_wconf 90' lang='lat' dir='ltr'><strong>loco</strong></span> <span class='ocrx_word' id='word_1_200' title='bbox 594 3693 624 3748; x_wconf 90' lang='lat' dir='ltr'><strong>p.</strong></span> <span class='ocrx_word' id='word_1_201' title='bbox 661 3671 701 3730; x_wconf 88' lang='lat'><strong>38</strong></span> <span class='ocrx_word' id='word_1_202' title='bbox 730 3670 878 3730; x_wconf 84' lang='lat' dir='ltr'><strong>uocabulo</strong></span> <span class='ocrx_word' id='word_1_203' title='bbox 901 3669 1110 3746; x_wconf 79' lang='lat' dir='ltr'><strong>pericopae</strong></span> <span class='ocrx_word' id='word_1_204' title='bbox 1133 3688 1205 3728; x_wconf 89' lang='lat' dir='ltr'><strong>usus</strong></span> <span class='ocrx_word' id='word_1_205' title='bbox 1229 3687 1306 3738; x_wconf 88' lang='lat' dir='ltr'><strong>sum,</strong></span> <span class='ocrx_word' id='word_1_206' title='bbox 1332 3672 1415 3747; x_wconf 87' lang='lat' dir='ltr'><strong>qnod</strong></span> 
     </span>
     <span class='ocr_line' id='line_1_29' title="bbox 236 3759 1415 3838; baseline -0.002 -16"><span class='ocrx_word' id='word_1_207' title='bbox 236 3782 310 3838; x_wconf 86' lang='lat' dir='ltr'><strong>opus</strong></span> <span class='ocrx_word' id='word_1_208' title='bbox 345 3781 403 3821; x_wconf 90' lang='lat' dir='ltr'><strong>non</strong></span> <span class='ocrx_word' id='word_1_209' title='bbox 438 3761 507 3830; x_wconf 81' lang='lat' dir='ltr'><strong>fuit,</strong></span> <span class='ocrx_word' id='word_1_210' title='bbox 536 3770 571 3820; x_wconf 88' lang='lat' dir='ltr'><strong>ut</strong></span> <span class='ocrx_word' id='word_1_211' title='bbox 593 3761 748 3838; x_wconf 86' lang='lat' dir='ltr'><strong>periodum</strong></span> <span class='ocrx_word' id='word_1_212' title='bbox 771 3759 967 3836; x_wconf 79' lang='lat' dir='ltr'><strong>significarem</strong></span> <span class='ocrx_word' id='word_1_213' title='bbox 991 3779 1026 3818; x_wconf 83' lang='lat' dir='ltr'><strong>ex</strong></span> <span class='ocrx_word' id='word_1_214' title='bbox 1048 3777 1107 3817; x_wconf 91' lang='lat' dir='ltr'><strong>non</strong></span> <span class='ocrx_word' id='word_1_215' title='bbox 1130 3777 1191 3817; x_wconf 89' lang='lat' dir='ltr'><strong>uno</strong></span> <span class='ocrx_word' id='word_1_216' title='bbox 1214 3776 1323 3834; x_wconf 82' lang='lat' dir='ltr'><strong>genere</strong></span> <span class='ocrx_word' id='word_1_217' title='bbox 1346 3779 1415 3820; x_wconf 88' lang='lat' dir='ltr'><strong>uer·</strong></span> 
     </span>
     <span class='ocr_line' id='line_1_30' title="bbox 235 3847 1415 3927; baseline -0.003 -16"><span class='ocrx_word' id='word_1_218' title='bbox 235 3871 321 3911; x_wconf 87' lang='lat' dir='ltr'><strong>suum</strong></span> <span class='ocrx_word' id='word_1_219' title='bbox 359 3851 563 3927; x_wconf 71' lang='lat' dir='ltr'><strong>compositam,</strong></span> <span class='ocrx_word' id='word_1_220' title='bbox 592 3868 727 3926; x_wconf 79' lang='lat' dir='ltr'><strong>quaeque</strong></span> <span class='ocrx_word' id='word_1_221' title='bbox 750 3849 866 3908; x_wconf 85' lang='lat' dir='ltr'><strong>hiatum</strong></span> <span class='ocrx_word' id='word_1_222' title='bbox 889 3849 920 3908; x_wconf 92' lang='lat' dir='ltr'><strong>in</strong></span> <span class='ocrx_word' id='word_1_223' title='bbox 943 3849 1039 3907; x_wconf 85' lang='lat' dir='ltr'><strong>exitus</strong></span> <span class='ocrx_word' id='word_1_224' title='bbox 1062 3866 1205 3906; x_wconf 86' lang='lat' dir='ltr'><strong>uersuum</strong></span> <span class='ocrx_word' id='word_1_225' title='bbox 1228 3847 1415 3909; x_wconf 85' lang='lat' dir='ltr'><strong>admitteret.</strong></span> 
     </span>
     <span class='ocr_line' id='line_1_31' title="bbox 236 3936 1414 4017; baseline -0.001 -18"><span class='ocrx_word' id='word_1_226' title='bbox 236 3960 326 4017; x_wconf 89' lang='lat' dir='ltr'><strong>quam</strong></span> <span class='ocrx_word' id='word_1_227' title='bbox 361 3942 399 4000; x_wconf 87' lang='lat' dir='ltr'><strong>ad</strong></span> <span class='ocrx_word' id='word_1_228' title='bbox 432 3960 495 4000; x_wconf 88' lang='lat' dir='ltr'><strong>rem</strong></span> <span class='ocrx_word' id='word_1_229' title='bbox 531 3942 653 3998; x_wconf 90' lang='lat' dir='ltr'><strong>auctore</strong></span> <span class='ocrx_word' id='word_1_230' title='bbox 686 3957 758 3998; x_wconf 92' lang='lat' dir='ltr'><strong>usus</strong></span> <span class='ocrx_word' id='word_1_231' title='bbox 793 3958 860 3997; x_wconf 87' lang='lat' dir='ltr'><strong>sum</strong></span> <span class='ocrx_word' id='word_1_232' title='bbox 884 3937 1021 4006; x_wconf 69' lang='lat' dir='ltr'><strong>christia</strong></span> <span class='ocrx_word' id='word_1_233' title='bbox 1047 3957 1115 3995; x_wconf 88' lang='lat' dir='ltr'><strong>nem</strong></span> <span class='ocrx_word' id='word_1_234' title='bbox 1139 3936 1163 3995; x_wconf 90' lang='lat' dir='ltr'><strong>is</strong></span> <span class='ocrx_word' id='word_1_235' title='bbox 1186 3936 1325 3995; x_wconf 88' lang='lat' dir='ltr'><strong>similiter</strong></span> <span class='ocrx_word' id='word_1_236' title='bbox 1349 3937 1414 4015; x_wconf 82' lang='lat' dir='ltr'><strong>egit</strong></span> 
     </span>
     <span class='ocr_line' id='line_1_32' title="bbox 235 4023 1411 4106; baseline -0.002 -17"><span class='ocrx_word' id='word_1_237' title='bbox 235 4023 351 4090; x_wconf 67' lang='lat' dir='ltr'><strong>metr.2</strong></span> <span class='ocrx_word' id='word_1_238' title='bbox 385 4051 415 4106; x_wconf 90' lang='lat' dir='ltr'><strong>p.</strong></span> <span class='ocrx_word' id='word_1_239' title='bbox 453 4029 514 4088; x_wconf 90' lang='grc'><strong>131</strong></span> <span class='ocrx_word' id='word_1_240' title='bbox 551 4029 567 4098; x_wconf 68' lang='grc' dir='ltr'><strong>ἕ</strong></span> <span class='ocrx_word' id='word_1_241' title='bbox 605 4027 676 4085; x_wconf 93' lang='grc'><strong>171.</strong></span> <span class='ocrx_word' id='word_1_242' title='bbox 724 4028 805 4103; x_wconf 86' lang='lat' dir='ltr'><strong>quod</strong></span> <span class='ocrx_word' id='word_1_243' title='bbox 839 4027 1032 4103; x_wconf 85' lang='lat' dir='ltr'><strong>antiquorum</strong></span> <span class='ocrx_word' id='word_1_244' title='bbox 1059 4026 1222 4085; x_wconf 86' lang='lat' dir='ltr'><strong>auctoritas</strong></span> <span class='ocrx_word' id='word_1_245' title='bbox 1247 4044 1299 4085; x_wconf 91' lang='lat' dir='ltr'><strong>neo</strong></span> <span class='ocrx_word' id='word_1_246' title='bbox 1323 4026 1411 4087; x_wconf 86' lang='lat' dir='ltr'><strong>iubet</strong></span> 
     </span>
     <span class='ocr_line' id='line_1_33' title="bbox 236 4122 408 4180; baseline 0 -1"><span class='ocrx_word' id='word_1_247' title='bbox 236 4139 289 4180; x_wconf 89' lang='lat' dir='ltr'><strong>nec</strong></span> <span class='ocrx_word' id='word_1_248' title='bbox 312 4122 408 4179; x_wconf 87' lang='lat' dir='ltr'><strong>uetat.</strong></span> 
     </span>
    </p>

    <p class='ocr_par' dir='ltr' id='par_1_9' title="bbox 236 4202 1413 4375">
     <span class='ocr_line' id='line_1_34' title="bbox 345 4202 1413 4284; baseline -0.003 -17"><span class='ocrx_word' id='word_1_249' title='bbox 345 4202 371 4281; x_wconf 66' lang='grc'><strong>2)</strong></span> <span class='ocrx_word' id='word_1_250' title='bbox 395 4207 473 4279; x_wconf 85' lang='lat' dir='ltr'><strong>Quid</strong></span> <span class='ocrx_word' id='word_1_251' title='bbox 495 4206 696 4284; x_wconf 83' lang='lat' dir='ltr'><strong>significarent</strong></span> <span class='ocrx_word' id='word_1_252' title='bbox 717 4204 835 4264; x_wconf 73' lang='lat' dir='ltr'><strong>litterae</strong></span> <span class='ocrx_word' id='word_1_253' title='bbox 850 4208 999 4275; x_wconf 84' lang='lat' dir='ltr'><strong>notarum,</strong></span> <span class='ocrx_word' id='word_1_254' title='bbox 1017 4202 1125 4279; x_wconf 90' lang='lat' dir='ltr'><strong>quibus</strong></span> <span class='ocrx_word' id='word_1_255' title='bbox 1140 4220 1284 4261; x_wconf 89' lang='lat' dir='ltr'><strong>uersuum</strong></span> <span class='ocrx_word' id='word_1_256' title='bbox 1299 4223 1413 4280; x_wconf 83' lang='lat' dir='ltr'><strong>genera</strong></span> 
     </span>
     <span class='ocr_line' id='line_1_35' title="bbox 236 4294 972 4375; baseline -0.007 -19"><span class='ocrx_word' id='word_1_257' title='bbox 236 4296 398 4375; x_wconf 81' lang='lat' dir='ltr'><strong>distinguo,</strong></span> <span class='ocrx_word' id='word_1_258' title='bbox 423 4316 473 4372; x_wconf 90' lang='lat' dir='ltr'><strong>pp.</strong></span> <span class='ocrx_word' id='word_1_259' title='bbox 497 4294 600 4355; x_wconf 82' lang='lat' dir='ltr'>XXIII</span> <span class='ocrx_word' id='word_1_260' title='bbox 621 4314 689 4372; x_wconf 90' lang='lat' dir='ltr'><strong>sqq.</strong></span> <span class='ocrx_word' id='word_1_261' title='bbox 713 4294 895 4370; x_wconf 83' lang='lat' dir='ltr'><strong>explicatum</strong></span> <span class='ocrx_word' id='word_1_262' title='bbox 918 4298 972 4352; x_wconf 88' lang='lat' dir='ltr'><strong>est.</strong></span> 
     </span>
    </p>
   </div>
   <div class='ocr_carea' id='block_1_6' title="bbox 0 0 1463 4778">
    <p class='ocr_par' dir='ltr' id='par_1_10' title="bbox 0 0 1463 4778">
     <span class='ocr_line' id='line_1_36' title="bbox 0 0 1463 4778; baseline 0 0"><span class='ocrx_word' id='word_1_263' title='bbox 0 0 1463 4778; x_wconf 95' lang='lat' dir='ltr'><strong> </strong></span> 
     </span>
    </p>
   </div>
  </div>
 </body>
</html>
