2910 4778
600 346 706 426 Ι(ΞΑΒΜ.
735 346 856 393 ΡΒΙΑΜΙ.

222 857 259 928 3.
313 851 510 926 incurri
538 852 811 927 sculprcnls
840 853 1039 927 GARMEN
1067 852 1251 927 PRIAMI.

257 1067 416 1140 Vetere's
444 1066 643 1140 Casmenas
672 1068 815 1140 cassam
925 1067 1006 1140 re'm
1035 1066 1123 1140 uolo
1152 1067 1296 1160 profari

236 1197 296 1266 'et
322 1196 488 1286 primum
544 1249 886 1264 ......
889 1207 893 1215 ·
945 1249 952 1264 .
1012 1249 1019 1264 .
1080 1249 1086 1262 .
1146 1249 1154 1263 .

254 1385 288 1448 3.
336 1382 487 1451 Carmen
527 1380 671 1448 Priami.
729 1388 851 1447 Varro
887 1390 922 1447 de
957 1391 977 1448 l.
1012 1391 1032 1447 1.
1068 1389 1128 1447 VII
1163 1389 1203 1447 28
1263 1389 1318 1446 ”In

144 1479 317 1539 ··armine
351 1477 496 1535 Priami
530 1478 610 1553 quod
645 1480 705 1535 est:
741 1476 900 1536 Veteres
929 1508 969 1516 —
993 1478 1175 1553 primum,
1200 1496 1318 1537 cascum

143 1568 294 1645 .-ignificat
327 1571 425 1625 uetus
472 1557 633 1643 [secundo]
668 1566 730 1624 eius
754 1566 837 1642 origo
861 1567 984 1625 sabina”
1010 1565 1126 1638 (sauine
1150 1560 1206 1641 F).
1252 1560 1319 1625 ’'se·
1387 1556 1395 1575 ⁸

144 1650 269 1715 ‘dudd’
294 1656 429 1714 additum
454 1674 553 1712 errore
576 1655 639 1713 eius
663 1654 715 1730 qui
737 1655 900 1730 primum
923 1656 1086 1714 acarmiue
1101 1656 1230 1714 seiunxit
1245 1655 1319 1713 Var-

147 1746 272 1820 ronique
296 1745 411 1803 tribuit.

252 1834 318 1892 Hoc
342 1833 479 1904 carminis
502 1832 654 1891 exordium
677 1833 718 1890 sic
741 1833 802 1891 fero
825 1833 1020 1908 supplendum
1046 1848 1107 1892 asse
1131 1852 1250 1892 censeo:

260 1922 420 1981 Vetere's
445 1921 646 1980 Casmenas
671 1924 819 1980 cascum
925 1925 1001 1980 rem
1024 1923 1114 1980 uolo
1136 1921 1307 1998 profari,

212 2016 250 2070 et
272 2017 436 2088 primum
460 2007 509 2068 tal
531 2005 645 2068 adoro:
751 2007 787 2068 rc
806 2005 940 2090 fortique
964 2007 1095 2090 odisque

214 2095 368 2159 Cosrue'no
415 2145 422 2159 .
454 2098 457 2106 ‘
470 2143 1143 2159 .............

146 2190 299 2248 rc=rei
340 2225 374 2231 —
412 2192 566 2246 ueteres
602 2186 818 2260 Casmenas]
843 2195 888 2248 est
910 2189 1049 2266 genetiuo
1073 2207 1143 2246 casu
1166 2192 1196 2246 et
1219 2188 1317 2266 singu·
1420 2226 1423 2231 -

143 2279 197 2337 Pari
223 2297 348 2337 nurnero
372 2271 600 2354 C’forntsctqaus
623 2270 787 2354 sduqrnd'ss
794 2296 808 2353 ;
830 2298 926 2354 neque
942 2279 1020 2337 enim
1036 2278 1095 2336 iam
1111 2278 1206 2336 audeo
1222 2296 1317 2336 assen-

143 2368 193 2426 t'n'
216 2368 378 2426 Ritsohelio
402 2369 432 2424 et
455 2367 635 2424 Buechelero
659 2364 861 2425 Casmenas
884 2369 913 2424 h.
930 2369 950 2425 l.
967 2367 1108 2426 uocatiuo
1130 2385 1200 2425 casu
1216 2368 1315 2441 plura·

141 2475 210 2515 .···er
246 2457 312 2526 dici,
349 2475 529 2531 quamquam
564 2455 665 2512 inueni
698 2454 892 2514 ALVMNAS
928 2455 984 2514 dici
1007 2474 1062 2531 pro
1086 2456 1262 2513 alumnae
1285 2454 1316 2511 in

174 2545 331 2604 ›minatiuo
367 2563 437 2603 casu
471 2544 629 2620 pluraliter
663 2543 693 2600 in
728 2544 817 2603 titulo
852 2563 912 2602 non
946 2544 1149 2603 uetustissimo
1186 2543 1248 2603 CIL
1272 2543 1316 2601 IX

141 2636 228 2693 ‘2105
257 2634 401 2692 ”Annia
427 2634 594 2692 Trofime
617 2632 739 2691 Annia
756 2632 1159 2692 GenerosaALVMNAS
1177 2633 1315 2709 patri''.

138 2724 192 2783 md
213 2743 252 2805 ea
275 2723 445 2781 terminatio
469 2725 513 2781 est
536 2740 603 2780 osca
627 2722 748 2796 eiusque
770 2722 890 2797 propria
905 2722 1044 2798 regionis
1061 2722 1113 2780 ubi
1129 2723 1199 2781 olim
1215 2739 1315 2781 omnes

138 2831 208 2873 ‘vce
233 2815 319 2870 erant
342 2811 478 2870 fabulati.
525 2811 678 2868 Priamum
702 2803 862 2888 Scaliper’:
884 2811 1023 2886 primum.

248 3026 358 3084 Versus
382 3026 430 3083 ille
455 3045 501 3100 ap.
527 3026 616 3082 Mar.
641 3025 888 3084 Victorinum
906 3041 941 3103 p.
968 3021 1040 3083 139.
1068 3021 1108 3082 15
1134 3019 1186 3082 K:

197 3133 279 3173 cum
302 3118 431 3173 uictor
454 3113 592 3172 Lemno
616 3116 777 3172 classem
837 3115 1008 3173 doricam
1033 3114 1257 3189 appulisset

149 3208 198 3262 ··'n
235 3206 279 3261 est
302 3204 337 3262 de
361 3203 488 3261 carmine
512 3203 632 3272 Priami,
657 3204 737 3278 quod
761 3203 896 3262 Haustus
919 3224 949 3279 p.
975 3203 1037 3261 318
1063 3203 1197 3274 coniecit,
1221 3203 1312 3261 seda

134 3293 337 3365 ¹ramrnatioo
374 3293 470 3362 fictus,
509 3295 671 3366 utrumque
708 3292 785 3350 enim
819 3292 1037 3351 hemistichium
1073 3295 1155 3350 caret
1190 3310 1311 3350 caesura

138 3382 327 3441 iarschiana.

247 3505 304 3580 Ap.
329 3505 471 3564 Priscian.
495 3505 525 3563 Π
550 3503 623 3564 316.
648 3506 687 3563 21
714 3501 750 3564 Η
772 3505 844 3582 (quo
869 3508 934 3567 loco
958 3508 994 3565 de
1018 3505 1205 3582 supplicandi
1220 3505 1313 3564 uerbo

137 3595 277 3654 ‘uiuum
312 3599 341 3652 et
376 3613 473 3653 accus,
509 3594 688 3654 adsciscente
718 3597 830 3654 mentio
853 3596 899 3668 fit)
924 3596 953 3653 in
979 3616 1039 3672 mg.
1064 3596 1120 3654 cod
1143 3589 1173 3652 R
1196 3615 1249 3670 per
1272 3615 1312 3652 m.

136 3690 154 3741 ’ζ’
185 3683 240 3754 (=
254 3682 282 3754 r)
307 3683 455 3758 adscripta
478 3686 548 3742 sunt
573 3715 613 3721 -
638 3684 745 3759 reliqui
769 3688 869 3743 autem
894 3686 1058 3744 omiserunt
1075 3715 1115 3722 -
1132 3685 1204 3743 haec
1219 3683 1312 3741 uerba

135 3780 153 3791 ’“
198 3773 317 3832 ccius:
342 3773 458 3832 elatis
481 3772 1311 3850 manibusPriamussupplicatAchillem”.

147 3930 152 3937 Ι
188 3880 215 3918 ae
251 3861 373 3920 carmini
407 3862 519 3921 Priami
555 3862 649 3920 adscr.
684 3863 820 3921 Hauetus
847 3879 879 3941 p.
904 3860 979 3922 255.
1026 3883 1061 3921 ea
1085 3862 1193 3921 dubito
1208 3866 1313 3920 utrum

135 3952 361 4026 ÷··‹·nsp0nend0
385 3951 480 4027 redigi
503 3954 640 4025 oporteat
664 3953 694 4009 in
717 3952 886 4010 saturnium
910 3952 961 4021 sic,

198 4040 374 4099 Priamus
398 4032 574 4098 manibirs
599 4040 715 4099 elatis
823 4040 1021 4116 supplicat
1046 4039 1255 4109 Achillem;

192 4130 294 4187 uerius
309 4129 515 4188 Fleckeisenus
531 4131 751 4204 transponendo
768 4134 942 4188 truncatum
954 4129 1103 4187 refluxerit
1116 4127 1312 4188 octonarium.

137 4221 219 4277 :sete
256 4222 380 4293 propter
404 4219 586 4294 adscriptum
609 4238 715 4278 nomeu
749 4219 833 4278 Accii
867 4238 927 4278 non
961 4220 1056 4277 audeo
1090 4219 1169 4276 huuc
1192 4236 1312 4275 uersum

156 4342 159 4347 -
189 4307 261 4365 mini
283 4306 394 4365 Priami
417 4307 589 4368 attribuero.

1159 4432 1162 4438 ’
1187 4433 1200 4477 8
