2910 4778
227 320 319 366 LXXX
709 321 875 367 univimus
894 322 915 366 Ι.

225 492 339 556 urbis
364 491 542 555 DXXXX
566 492 611 554 ad
636 492 778 556 anuum
804 492 944 557 DLXX
968 494 1187 557 interiecti
1210 496 1400 558 sunttri·

226 609 344 693 ginta
373 609 486 673 anni.
516 609 665 690 quibus
695 610 812 672 annis
842 610 910 692 qui
940 610 1089 692 scripti
1120 614 1213 672 suut
1238 632 1399 683 uersam,

225 724 294 806 qui
317 724 476 806 quidem
500 728 678 801 exstent,
701 725 740 787 in
765 725 818 787 iis
841 729 1400 810 autperraroauluumquam

225 842 255 902 A
285 840 531 903 nominaliui
563 844 602 902 31
631 841 866 903 aecusatiui
895 841 1138 923 productum
1167 863 1258 904 esse
1285 842 1400 905 iuue-

225 956 338 1018 nitur
376 958 467 1038 pnsi
505 956 667 1040 longam
706 956 1001 1039 paenultimam
1035 961 1330 1040 praeterquam
1363 958 1400 1022 in

225 1093 397 1134 caesura
434 1071 675 1154 principali.
732 1077 1067 1156 proparoxylona
1101 1077 1233 1136 aulem
1269 1074 1399 1137 inter·

225 1187 330 1263 dum,
354 1187 423 1249 sed
446 1209 521 1250 uon
544 1209 666 1269 saepe
692 1188 720 1250 A
744 1187 852 1250 illud
874 1189 1113 1270 producunt.

227 1321 322 1406 Elog.
347 1323 378 1383 ⁶2.
403 1323 423 1384 3
447 1321 558 1404 quoius
584 1322 685 1385 sunna
707 1322 840 1385 uirtutei
885 1323 1093 1404 pirisumai
1117 1323 1177 1385 fuit
1195 1322 1219 1398 ¹)

223 1435 326 1501 Xaeu.
353 1439 393 1500 12
440 1435 561 1500 Blande
585 1441 617 1501 e't
641 1438 731 1548 docte
755 1438 922 1520 perueniat
967 1417 1103 1501 Xeniai
1126 1460 1189 1521 quo
1210 1440 1309 1522 pacto

439 1532 586 1617 {Xeniai
610 1575 673 1616 non
696 1552 851 1632 Aeueai,
877 1577 906 1617 u.
931 1555 1036 1618 adnot.
1060 1555 1100 1617 ad
1124 1577 1197 1617 eum
1220 1554 1296 1630 loc.)

273 1722 286 1748 ‚‚
354 1671 391 1732 17
442 1670 553 1750 scopas
576 1689 612 1731 ae
637 1670 794 1733 uerbenas
840 1670 1025 1753 sagmina
1048 1675 1252 1752 sumpserunt

273 1837 286 1863 ‚‚
350 1786 392 1848 39
442 1788 554 1869 magni
576 1788 680 1847 metus
703 1784 858 1848 lumiiltus
904 1788 1074 1868 pectori
1098 1787 1241 1868 possidii.

331 1898 465 1964 Nullum
488 1902 521 1963 in
544 1900 688 1983 reliquiis
712 1923 770 1964 nec
787 1901 864 1965 belli
880 1902 987 1984 punici
1004 1923 1063 1965 nec
1079 1901 1261 1966 fabularum
1276 1901 1399 1967 Naeui-

225 2039 358 2080 auarum
395 2019 496 2080 exstat
530 2017 707 2099 exemplum
743 2027 778 2079 -a
801 2017 906 2080 finalis
929 2017 1118 2080 nominaliui
1143 2021 1198 2080 aul
1223 2019 1400 2083 aecusaliui

223 2138 298 2215 post
320 2133 451 2217 longam
474 2133 704 2215 paenultimam
728 2133 882 2216 producti.

330 2247 434 2312 Venio
467 2270 551 2312 nunc
587 2249 626 2311 ad
650 2247 811 2313 Plautum.
857 2249 971 2312 3131113
995 2249 1143 2332 exempla
1166 2250 1273 2314 dubia.
1320 2250 1401 2317 haee

223 2364 302 2427 satis
326 2368 413 2427 ceria
436 2365 597 2428 uidentur.

223 2496 356 2562 Plautus
380 2497 471 2561 Asin.
498 2498 560 2561 199
597 2496 744 2562 cetere
767 2519 848 2580 quae
872 2498 1018 2562 uilumus
1042 2498 1089 2561 uli
1112 2499 1229 2582 graeca
1252 2522 1341 2563 mer·

757 2618 867 2677 camur
889 2613 951 2676 fide

331 2735 435 2794 Cetera
460 2755 535 2810 quae
559 2735 687 2793 solemus
710 2728 827 2799 Loeur.
853 2729 955 2793 Goelz.

224 2864 314 2928 Asin.
341 2865 415 2928 762.
461 2861 512 2927 Ne
537 2862 723 2946 epistula
746 2863 873 2945 quidem
898 2863 963 2926 ulla
987 2865 1028 2927 311
1051 2865 1084 2926 in
1109 2865 1240 2929 aedibus

331 2981 381 3043 illi
402 2987 465 3043 ulla
488 2979 684 3058 Ritsehelirm,
701 3000 832 3063 nsquam
848 2979 990 3043 Mueller.
1026 2987 1199 3061 epistula
1215 3005 1276 3045 uox
1291 2988 1401 3047 eduen·

222 3076 293 3134 ticia
316 3076 367 3133 illa
391 3074 520 3149 quidem,
545 3073 677 3132 sedium
700 3073 751 3131 1113
774 3077 907 3150 temqore
931 3075 992 3132 sine
1016 3075 1107 3133 dubio
1131 3075 1161 3132 in
1183 3076 1249 3151 pari
1273 3096 1400 3137 numero

221 3164 324 3223 habita
347 3166 392 3223 331
414 3167 504 3238 atque
526 3162 647 3220 latinae.

222 3291 339 3360 Bacch.
367 3292 450 3355 1127
497 3289 555 3355 Ρ31
577 3289 671 3354 hidis
695 3290 822 3354 alleri
845 3291 909 3353 iam
933 3292 981 3355 bis
1006 3289 1139 3356 detonsa
1162 3262 1313 3356 ce'riosis

223 3408 294 3472 Cas.
319 3405 422 3471 1V3.
448 3407 499 3483 16,
525 3407 589 3470 766
620 3406 650 3469 U
691 3406 736 3470 Di
757 3405 864 3470 hercle
889 3428 939 3470 me
963 3407 1096 3490 eupiiinl
1119 3411 1292 3472 seruatum.
1334 3410 1398 3474 iam

754 3522 875 3587 iboluil
899 3520 1048 3586 Casini
1070 3523 1191 3606 procul.

329 3645 444 3703 aesinus
470 3637 504 3701 B
528 3642 618 3702 easin’
643 3638 681 3703 Ε,

222 3770 423 3837 0131111.
450 3773 601 3836 7:207
632 3772 664 3835 U
703 3751 753 3834 lla
776 3770 854 3834 mihi
879 3755 1272 3856 omniaingenieisunl.
1311 3774 1398 3857 quod

754 3887 843 3952 lubet
866 3889 928 3950 min
951 3888 1041 3952 lubet
1064 3887 1128 3951 irim
1152 3887 1185 3951 id
1208 3888 1369 3955 continuo.

221 4003 317 4087 Epid.
341 4005 405 4067 498
467 4002 591 4067 Potuit:
615 4003 687 4086 plus
711 4002 776 4066 iam
799 4025 868 4066 sum
890 4003 1026 4068 libera
1049 4003 1312 4087 quinquennium.
1378 3977 1381 3985 Ι

333 4217 356 4293 ¹)
380 4222 424 4281 De
459 4226 557 4281 331313
590 4222 678 4281 huius
714 4223 801 4299 elogii
834 4243 866 4282 u.
902 4223 1133 4299 disputationem
1160 4223 1337 4283 Mommseni
1360 4223 1398 4283 ad

221 4311 326 4389 Elegia
350 4310 519 4386 Scipionum
544 4312 572 4369 in
598 4310 662 4370 CIL
686 4311 710 4370 1.
