<?xml version="1.0" encoding="UTF-8"?>
<!DOCTYPE html PUBLIC "-//W3C//DTD XHTML 1.0 Transitional//EN"
    "http://www.w3.org/TR/xhtml1/DTD/xhtml1-transitional.dtd">
<html xmlns="http://www.w3.org/1999/xhtml" xml:lang="en" lang="en">
 <head>
  <title>
</title>
<meta http-equiv="Content-Type" content="text/html;charset=utf-8" />
  <meta name='ocr-system' content='tesseract 3.04.00' />
  <meta name='ocr-capabilities' content='ocr_page ocr_carea ocr_par ocr_line ocrx_word'/>
</head>
<body>
  <div class='ocr_page' id='page_1' title='image "./versvsitalician00zandgoog_0219.png"; bbox 0 0 2910 4778; ppageno 0'>
   <div class='ocr_carea' id='block_1_1' title="bbox 146 303 964 358">
    <p class='ocr_par' dir='ltr' id='par_1_1' title="bbox 146 303 964 358">
     <span class='ocr_line' id='line_1_1' title="bbox 146 303 964 358; baseline 0.002 -4"><span class='ocrx_word' id='word_1_1' title='bbox 146 308 206 354; x_wconf 66' lang='lat' dir='ltr'>CCV</span> <span class='ocrx_word' id='word_1_2' title='bbox 209 309 221 354; x_wconf 93' lang='lat'>1</span> <span class='ocrx_word' id='word_1_3' title='bbox 495 309 540 356; x_wconf 81' lang='lat' dir='ltr'>DE</span> <span class='ocrx_word' id='word_1_4' title='bbox 558 309 720 356; x_wconf 77' lang='lat' dir='ltr'>couPREc.</span> <span class='ocrx_word' id='word_1_5' title='bbox 741 303 851 356; x_wconf 66' lang='lat' dir='ltr'>Deme.</span> <span class='ocrx_word' id='word_1_6' title='bbox 871 310 964 358; x_wconf 77' lang='lat' dir='ltr'><strong>SOBT.</strong></span> 
     </span>
    </p>
   </div>
   <div class='ocr_carea' id='block_1_2' title="bbox 143 482 1309 2767">
    <p class='ocr_par' dir='ltr' id='par_1_2' title="bbox 143 482 1309 2767">
     <span class='ocr_line' id='line_1_2' title="bbox 147 482 1306 568; baseline 0.002 -23"><span class='ocrx_word' id='word_1_7' title='bbox 147 490 253 546; x_wconf 87' lang='lat' dir='ltr'>tamen</span> <span class='ocrx_word' id='word_1_8' title='bbox 275 482 343 546; x_wconf 88' lang='lat' dir='ltr'>sine</span> <span class='ocrx_word' id='word_1_9' title='bbox 368 482 464 547; x_wconf 92' lang='lat' dir='ltr'>dubio</span> <span class='ocrx_word' id='word_1_10' title='bbox 487 486 562 546; x_wconf 91' lang='lat' dir='ltr'>sunt</span> <span class='ocrx_word' id='word_1_11' title='bbox 584 486 799 566; x_wconf 86' lang='lat' dir='ltr'>peruetustae.</span> <span class='ocrx_word' id='word_1_12' title='bbox 845 483 934 548; x_wconf 91' lang='lat' dir='ltr'>uelut</span> <span class='ocrx_word' id='word_1_13' title='bbox 949 483 1135 548; x_wconf 85' lang='lat' dir='ltr'>cantionem</span> <span class='ocrx_word' id='word_1_14' title='bbox 1151 505 1222 548; x_wconf 89' lang='lat' dir='ltr'>eam</span> <span class='ocrx_word' id='word_1_15' title='bbox 1235 506 1306 568; x_wconf 84' lang='lat' dir='ltr'>quaa</span> 
     </span>
     <span class='ocr_line' id='line_1_3' title="bbox 147 598 1307 682; baseline 0.003 -21"><span class='ocrx_word' id='word_1_16' title='bbox 147 602 257 662; x_wconf 88' lang='lat' dir='ltr'>contra</span> <span class='ocrx_word' id='word_1_17' title='bbox 291 598 431 662; x_wconf 86' lang='lat' dir='ltr'>faucium</span> <span class='ocrx_word' id='word_1_18' title='bbox 466 599 588 663; x_wconf 88' lang='lat' dir='ltr'>dolores</span> <span class='ocrx_word' id='word_1_19' title='bbox 624 598 837 663; x_wconf 76' lang='lat' dir='ltr'>adhibebatur</span> <span class='ocrx_word' id='word_1_20' title='bbox 860 599 1026 682; x_wconf 80' lang='lat' dir='ltr'>Compreo.</span> <span class='ocrx_word' id='word_1_21' title='bbox 1052 601 1095 664; x_wconf 95' lang='lat' dir='ltr'>l4</span> <span class='ocrx_word' id='word_1_22' title='bbox 1118 600 1213 664; x_wconf 87' lang='lat' dir='ltr'>ualde</span> <span class='ocrx_word' id='word_1_23' title='bbox 1234 601 1307 665; x_wconf 87' lang='lat' dir='ltr'>auti·</span> 
     </span>
     <span class='ocr_line' id='line_1_4' title="bbox 146 713 1305 797; baseline 0.003 -20"><span class='ocrx_word' id='word_1_24' title='bbox 146 736 241 797; x_wconf 87' lang='lat' dir='ltr'>quam</span> <span class='ocrx_word' id='word_1_25' title='bbox 266 736 334 778; x_wconf 87' lang='lat' dir='ltr'>esse</span> <span class='ocrx_word' id='word_1_26' title='bbox 358 715 496 778; x_wconf 76' lang='lat' dir='ltr'><strong>ostendit</strong></span> <span class='ocrx_word' id='word_1_27' title='bbox 519 736 549 778; x_wconf 93' lang='lat' dir='ltr'>u.</span> <span class='ocrx_word' id='word_1_28' title='bbox 580 718 599 777; x_wconf 92' lang='lat'>4</span> <span class='ocrx_word' id='word_1_29' title='bbox 625 713 731 778; x_wconf 83' lang='lat' dir='ltr'>”hdnc</span> <span class='ocrx_word' id='word_1_30' title='bbox 755 715 897 779; x_wconf 88' lang='lat' dir='ltr'>dolorem</span> <span class='ocrx_word' id='word_1_31' title='bbox 922 751 962 759; x_wconf 92' lang='lat'>-</span> <span class='ocrx_word' id='word_1_32' title='bbox 986 715 1072 780; x_wconf 79' lang='lat' dir='ltr'>huuc</span> <span class='ocrx_word' id='word_1_33' title='bbox 1095 719 1252 781; x_wconf 84' lang='lat' dir='ltr'>trrmorem</span> <span class='ocrx_word' id='word_1_34' title='bbox 1272 752 1305 761; x_wconf 94' lang='lat'>-</span> 
     </span>
     <span class='ocr_line' id='line_1_5' title="bbox 145 829 1306 917; baseline 0.003 -24"><span class='ocrx_word' id='word_1_35' title='bbox 145 829 230 894; x_wconf 79' lang='lat' dir='ltr'>hunc</span> <span class='ocrx_word' id='word_1_36' title='bbox 264 831 434 894; x_wconf 77' lang='lat' dir='ltr'>ruborem&#39;</span> <span class='ocrx_word' id='word_1_37' title='bbox 470 829 620 911; x_wconf 78' lang='lat' dir='ltr'>rhythmo</span> <span class='ocrx_word' id='word_1_38' title='bbox 652 831 832 894; x_wconf 89' lang='lat' dir='ltr'>simillimus</span> <span class='ocrx_word' id='word_1_39' title='bbox 857 831 962 895; x_wconf 87' lang='lat' dir='ltr'>uersui</span> <span class='ocrx_word' id='word_1_40' title='bbox 987 833 1025 894; x_wconf 88' lang='lat'>11</span> <span class='ocrx_word' id='word_1_41' title='bbox 1052 835 1087 895; x_wconf 89' lang='lat' dir='ltr'>et</span> <span class='ocrx_word' id='word_1_42' title='bbox 1111 833 1155 896; x_wconf 84' lang='lat'>12</span> <span class='ocrx_word' id='word_1_43' title='bbox 1179 833 1247 917; x_wconf 86' lang='lat' dir='ltr'>agri</span> <span class='ocrx_word' id='word_1_44' title='bbox 1266 833 1306 896; x_wconf 88' lang='lat' dir='ltr'>lu-</span> 
     </span>
     <span class='ocr_line' id='line_1_6' title="bbox 145 944 1308 1028; baseline 0.003 -20"><span class='ocrx_word' id='word_1_45' title='bbox 145 945 307 1009; x_wconf 77' lang='lat' dir='ltr'>strationis</span> <span class='ocrx_word' id='word_1_46' title='bbox 341 944 521 1028; x_wconf 79' lang='lat' dir='ltr'>(Comprec.</span> <span class='ocrx_word' id='word_1_47' title='bbox 552 949 596 1021; x_wconf 83' lang='lat'>9.)</span> <span class='ocrx_word' id='word_1_48' title='bbox 622 946 858 1010; x_wconf 86' lang='lat' dir='ltr'>”uiduertatem</span> <span class='ocrx_word' id='word_1_49' title='bbox 880 947 1098 1011; x_wconf 76' lang='lat' dir='ltr'>uastitudnem</span> <span class='ocrx_word' id='word_1_50' title='bbox 1123 981 1168 992; x_wconf 82' lang='lat'>-</span> <span class='ocrx_word' id='word_1_51' title='bbox 1190 947 1308 1012; x_wconf 75' lang='lat' dir='ltr'>calami·</span> 
     </span>
     <span class='ocr_line' id='line_1_7' title="bbox 145 1062 1307 1147; baseline 0.002 -23"><span class='ocrx_word' id='word_1_52' title='bbox 145 1067 227 1125; x_wconf 85' lang='lat' dir='ltr'>tates</span> <span class='ocrx_word' id='word_1_53' title='bbox 262 1062 503 1144; x_wconf 83' lang='lat' dir='ltr'>intemperias&#39;&#39;.</span> <span class='ocrx_word' id='word_1_54' title='bbox 549 1063 604 1147; x_wconf 93' lang='lat' dir='ltr'>qui</span> <span class='ocrx_word' id='word_1_55' title='bbox 639 1063 763 1126; x_wconf 81' lang='lat' dir='ltr'>numeri</span> <span class='ocrx_word' id='word_1_56' title='bbox 799 1085 869 1126; x_wconf 89' lang='lat' dir='ltr'>cum</span> <span class='ocrx_word' id='word_1_57' title='bbox 906 1063 1003 1126; x_wconf 88' lang='lat' dir='ltr'>etiam</span> <span class='ocrx_word' id='word_1_58' title='bbox 1036 1063 1073 1126; x_wconf 92' lang='lat' dir='ltr'>in</span> <span class='ocrx_word' id='word_1_59' title='bbox 1106 1063 1307 1128; x_wconf 81' lang='lat' dir='ltr'>monumentis</span> 
     </span>
     <span class='ocr_line' id='line_1_8' title="bbox 145 1175 1307 1263; baseline 0.003 -24"><span class='ocrx_word' id='word_1_60' title='bbox 145 1178 295 1241; x_wconf 82' lang='lat' dir='ltr'>umbriois</span> <span class='ocrx_word' id='word_1_61' title='bbox 331 1175 540 1262; x_wconf 86' lang='lat' dir='ltr'>Iguuinorum</span> <span class='ocrx_word' id='word_1_62' title='bbox 579 1181 714 1256; x_wconf 84' lang='lat' dir='ltr'>exstent,</span> <span class='ocrx_word' id='word_1_63' title='bbox 754 1184 790 1241; x_wconf 91' lang='lat' dir='ltr'>ut</span> <span class='ocrx_word' id='word_1_64' title='bbox 827 1179 945 1242; x_wconf 90' lang='lat' dir='ltr'>italicis</span> <span class='ocrx_word' id='word_1_65' title='bbox 980 1179 1108 1262; x_wconf 89' lang='lat' dir='ltr'>populis</span> <span class='ocrx_word' id='word_1_66' title='bbox 1145 1179 1307 1263; x_wconf 89' lang='lat' dir='ltr'>antiquitus</span> 
     </span>
     <span class='ocr_line' id='line_1_9' title="bbox 145 1294 1309 1377; baseline 0.002 -21"><span class='ocrx_word' id='word_1_67' title='bbox 145 1316 328 1357; x_wconf 90' lang='lat' dir='ltr'>communes</span> <span class='ocrx_word' id='word_1_68' title='bbox 362 1294 459 1357; x_wconf 85' lang='lat' dir='ltr'>fuisse</span> <span class='ocrx_word' id='word_1_69' title='bbox 488 1295 666 1369; x_wconf 81' lang='lat' dir='ltr'>uideantur,</span> <span class='ocrx_word' id='word_1_70' title='bbox 691 1298 724 1356; x_wconf 83' lang='lat' dir='ltr'>et</span> <span class='ocrx_word' id='word_1_71' title='bbox 747 1295 871 1377; x_wconf 85' lang='lat' dir='ltr'>antiqui</span> <span class='ocrx_word' id='word_1_72' title='bbox 894 1294 1034 1359; x_wconf 90' lang='lat' dir='ltr'>habendi</span> <span class='ocrx_word' id='word_1_73' title='bbox 1057 1302 1135 1358; x_wconf 87' lang='lat' dir='ltr'>sunt</span> <span class='ocrx_word' id='word_1_74' title='bbox 1158 1299 1191 1359; x_wconf 90' lang='lat' dir='ltr'>et</span> <span class='ocrx_word' id='word_1_75' title='bbox 1212 1297 1309 1360; x_wconf 86' lang='lat' dir='ltr'>dome-</span> 
     </span>
     <span class='ocr_line' id='line_1_10' title="bbox 144 1409 1307 1494; baseline 0.001 -23"><span class='ocrx_word' id='word_1_76' title='bbox 144 1409 227 1474; x_wconf 85' lang='lat' dir='ltr'>stici.</span> <span class='ocrx_word' id='word_1_77' title='bbox 261 1431 325 1492; x_wconf 90' lang='lat' dir='ltr'>qua</span> <span class='ocrx_word' id='word_1_78' title='bbox 348 1432 382 1473; x_wconf 87' lang='lat' dir='ltr'>re</span> <span class='ocrx_word' id='word_1_79' title='bbox 406 1432 469 1473; x_wconf 93' lang='lat' dir='ltr'>non</span> <span class='ocrx_word' id='word_1_80' title='bbox 493 1415 737 1474; x_wconf 89' lang='lat' dir='ltr'>consentaneum</span> <span class='ocrx_word' id='word_1_81' title='bbox 761 1413 810 1473; x_wconf 92' lang='lat' dir='ltr'>est</span> <span class='ocrx_word' id='word_1_82' title='bbox 834 1446 876 1455; x_wconf 89' lang='lat'><strong>—</strong></span> <span class='ocrx_word' id='word_1_83' title='bbox 899 1411 983 1494; x_wconf 94' lang='lat' dir='ltr'>quod</span> <span class='ocrx_word' id='word_1_84' title='bbox 1006 1410 1085 1474; x_wconf 85' lang='lat' dir='ltr'>fecit</span> <span class='ocrx_word' id='word_1_85' title='bbox 1099 1410 1307 1475; x_wconf 87' lang='lat' dir='ltr'>Buechelems</span> 
     </span>
     <span class='ocr_line' id='line_1_11' title="bbox 143 1524 1308 1609; baseline 0.001 -22"><span class='ocrx_word' id='word_1_86' title='bbox 143 1548 187 1588; x_wconf 93' lang='lat' dir='ltr'>m.</span> <span class='ocrx_word' id='word_1_87' title='bbox 210 1525 259 1589; x_wconf 94' lang='lat' dir='ltr'>rh.</span> <span class='ocrx_word' id='word_1_88' title='bbox 283 1524 423 1589; x_wconf 82' lang='lat' dir='ltr'>XXXIV</span> <span class='ocrx_word' id='word_1_89' title='bbox 446 1548 477 1609; x_wconf 91' lang='lat' dir='ltr'>p.</span> <span class='ocrx_word' id='word_1_90' title='bbox 503 1527 568 1589; x_wconf 83' lang='lat'>344</span> <span class='ocrx_word' id='word_1_91' title='bbox 592 1562 632 1570; x_wconf 89' lang='lat'>-</span> <span class='ocrx_word' id='word_1_92' title='bbox 658 1527 764 1590; x_wconf 89' lang='lat' dir='ltr'>dicere</span> <span class='ocrx_word' id='word_1_93' title='bbox 787 1530 909 1590; x_wconf 86' lang='lat' dir='ltr'>ceteros</span> <span class='ocrx_word' id='word_1_94' title='bbox 932 1548 1043 1590; x_wconf 85' lang='lat' dir='ltr'>uersus</span> <span class='ocrx_word' id='word_1_95' title='bbox 1067 1527 1139 1590; x_wconf 91' lang='lat' dir='ltr'>eius</span> <span class='ocrx_word' id='word_1_96' title='bbox 1162 1527 1308 1591; x_wconf 84' lang='lat' dir='ltr'>cantionis</span> 
     </span>
     <span class='ocr_line' id='line_1_12' title="bbox 144 1641 1308 1726; baseline 0.001 -23"><span class='ocrx_word' id='word_1_97' title='bbox 144 1663 206 1704; x_wconf 88' lang='lat' dir='ltr'>non</span> <span class='ocrx_word' id='word_1_98' title='bbox 240 1646 305 1704; x_wconf 89' lang='lat' dir='ltr'>tam</span> <span class='ocrx_word' id='word_1_99' title='bbox 341 1641 531 1704; x_wconf 88' lang='lat' dir='ltr'>domesticos</span> <span class='ocrx_word' id='word_1_100' title='bbox 567 1641 716 1705; x_wconf 84' lang='lat' dir='ltr'>italorum</span> <span class='ocrx_word' id='word_1_101' title='bbox 750 1664 898 1705; x_wconf 90' lang='lat' dir='ltr'>numeros</span> <span class='ocrx_word' id='word_1_102' title='bbox 934 1664 1030 1725; x_wconf 90' lang='lat' dir='ltr'>quam</span> <span class='ocrx_word' id='word_1_103' title='bbox 1054 1643 1263 1726; x_wconf 88' lang='lat' dir='ltr'>graecanicos</span> <span class='ocrx_word' id='word_1_104' title='bbox 1283 1646 1308 1705; x_wconf 85' lang='lat' dir='ltr'>et</span> 
     </span>
     <span class='ocr_line' id='line_1_13' title="bbox 144 1755 1306 1841; baseline 0.002 -22"><span class='ocrx_word' id='word_1_105' title='bbox 144 1755 309 1820; x_wconf 87' lang='lat' dir='ltr'>Plautinos</span> <span class='ocrx_word' id='word_1_106' title='bbox 333 1759 464 1834; x_wconf 84' lang='lat' dir='ltr'>referre,</span> <span class='ocrx_word' id='word_1_107' title='bbox 494 1758 585 1840; x_wconf 89' lang='lat' dir='ltr'>quasi</span> <span class='ocrx_word' id='word_1_108' title='bbox 608 1780 685 1820; x_wconf 91' lang='lat' dir='ltr'>uero</span> <span class='ocrx_word' id='word_1_109' title='bbox 709 1758 736 1820; x_wconf 91' lang='lat' dir='ltr'>is</span> <span class='ocrx_word' id='word_1_110' title='bbox 759 1758 815 1841; x_wconf 90' lang='lat' dir='ltr'>qui</span> <span class='ocrx_word' id='word_1_111' title='bbox 838 1780 909 1821; x_wconf 91' lang='lat' dir='ltr'>eam</span> <span class='ocrx_word' id='word_1_112' title='bbox 933 1758 1112 1840; x_wconf 87' lang='lat' dir='ltr'>composuit</span> <span class='ocrx_word' id='word_1_113' title='bbox 1137 1759 1306 1823; x_wconf 88' lang='lat' dir='ltr'>cantionem</span> 
     </span>
     <span class='ocr_line' id='line_1_14' title="bbox 144 1871 1308 1956; baseline 0.003 -22"><span class='ocrx_word' id='word_1_114' title='bbox 144 1873 271 1936; x_wconf 86' lang='lat' dir='ltr'>fabulas</span> <span class='ocrx_word' id='word_1_115' title='bbox 304 1871 470 1935; x_wconf 89' lang='lat' dir='ltr'>Plautinas</span> <span class='ocrx_word' id='word_1_116' title='bbox 498 1873 642 1935; x_wconf 90' lang='lat' dir='ltr'>imitatus</span> <span class='ocrx_word' id='word_1_117' title='bbox 665 1873 707 1936; x_wconf 90' lang='lat' dir='ltr'>sit</span> <span class='ocrx_word' id='word_1_118' title='bbox 731 1877 764 1936; x_wconf 84' lang='lat' dir='ltr'>et</span> <span class='ocrx_word' id='word_1_119' title='bbox 786 1896 849 1936; x_wconf 93' lang='lat' dir='ltr'>non</span> <span class='ocrx_word' id='word_1_120' title='bbox 873 1874 994 1956; x_wconf 87' lang='lat' dir='ltr'>patrias</span> <span class='ocrx_word' id='word_1_121' title='bbox 1016 1873 1174 1937; x_wconf 88' lang='lat' dir='ltr'>formulas</span> <span class='ocrx_word' id='word_1_122' title='bbox 1198 1875 1308 1938; x_wconf 84' lang='lat' dir='ltr'>cantio-</span> 
     </span>
     <span class='ocr_line' id='line_1_15' title="bbox 143 1988 1308 2074; baseline 0 -23"><span class='ocrx_word' id='word_1_123' title='bbox 143 2010 229 2052; x_wconf 92' lang='lat' dir='ltr'>num.</span> <span class='ocrx_word' id='word_1_124' title='bbox 276 2010 334 2051; x_wconf 87' lang='lat' dir='ltr'>neo</span> <span class='ocrx_word' id='word_1_125' title='bbox 357 2010 433 2051; x_wconf 89' lang='lat' dir='ltr'>uero</span> <span class='ocrx_word' id='word_1_126' title='bbox 456 1989 557 2051; x_wconf 82' lang='lat' dir='ltr'>mixta</span> <span class='ocrx_word' id='word_1_127' title='bbox 580 1992 654 2052; x_wconf 87' lang='lat' dir='ltr'>sunt</span> <span class='ocrx_word' id='word_1_128' title='bbox 678 1989 710 2051; x_wconf 94' lang='lat' dir='ltr'>in</span> <span class='ocrx_word' id='word_1_129' title='bbox 735 2011 771 2052; x_wconf 94' lang='lat' dir='ltr'>eo</span> <span class='ocrx_word' id='word_1_130' title='bbox 795 1990 935 2052; x_wconf 85' lang='lat' dir='ltr'>carmine</span> <span class='ocrx_word' id='word_1_131' title='bbox 959 1988 1087 2053; x_wconf 89' lang='lat' dir='ltr'>diuersa</span> <span class='ocrx_word' id='word_1_132' title='bbox 1111 2011 1235 2074; x_wconf 85' lang='lat' dir='ltr'>genera</span> <span class='ocrx_word' id='word_1_133' title='bbox 1259 2011 1308 2052; x_wconf 85' lang='lat' dir='ltr'>nn·</span> 
     </span>
     <span class='ocr_line' id='line_1_16' title="bbox 145 2104 1308 2184; baseline 0.002 -18"><span class='ocrx_word' id='word_1_134' title='bbox 145 2126 315 2184; x_wconf 88' lang='lat' dir='ltr'>merorum,</span> <span class='ocrx_word' id='word_1_135' title='bbox 350 2126 423 2166; x_wconf 90' lang='lat' dir='ltr'>nam</span> <span class='ocrx_word' id='word_1_136' title='bbox 459 2104 561 2167; x_wconf 90' lang='lat' dir='ltr'>omnis</span> <span class='ocrx_word' id='word_1_137' title='bbox 596 2127 633 2167; x_wconf 90' lang='lat' dir='ltr'>ea</span> <span class='ocrx_word' id='word_1_138' title='bbox 668 2105 807 2168; x_wconf 88' lang='lat' dir='ltr'>uarietas</span> <span class='ocrx_word' id='word_1_139' title='bbox 838 2105 1017 2170; x_wconf 83' lang='lat' dir='ltr'>continetur</span> <span class='ocrx_word' id='word_1_140' title='bbox 1039 2105 1182 2169; x_wconf 87' lang='lat' dir='ltr'>numeris</span> <span class='ocrx_word' id='word_1_141' title='bbox 1206 2105 1308 2169; x_wconf 86' lang='lat' dir='ltr'>intima</span> 
     </span>
     <span class='ocr_line' id='line_1_17' title="bbox 145 2219 1307 2305; baseline 0.002 -22"><span class='ocrx_word' id='word_1_142' title='bbox 145 2220 335 2304; x_wconf 80' lang='lat' dir='ltr'>cognatione</span> <span class='ocrx_word' id='word_1_143' title='bbox 358 2220 484 2295; x_wconf 69' lang='lat' dir='ltr'>iunctis</span> <span class='ocrx_word' id='word_1_144' title='bbox 509 2220 561 2283; x_wconf 90' lang='lat' dir='ltr'>uel</span> <span class='ocrx_word' id='word_1_145' title='bbox 584 2220 691 2303; x_wconf 86' lang='lat' dir='ltr'>potius</span> <span class='ocrx_word' id='word_1_146' title='bbox 718 2221 902 2284; x_wconf 89' lang='lat' dir='ltr'>uniuersum</span> <span class='ocrx_word' id='word_1_147' title='bbox 925 2219 1069 2303; x_wconf 87' lang='lat' dir='ltr'>rhythmi</span> <span class='ocrx_word' id='word_1_148' title='bbox 1092 2242 1198 2305; x_wconf 88' lang='lat' dir='ltr'>genus</span> <span class='ocrx_word' id='word_1_149' title='bbox 1221 2242 1307 2285; x_wconf 89' lang='lat' dir='ltr'>unum</span> 
     </span>
     <span class='ocr_line' id='line_1_18' title="bbox 143 2335 1305 2421; baseline 0 -23"><span class='ocrx_word' id='word_1_150' title='bbox 143 2341 201 2413; x_wconf 75' lang='lat' dir='ltr'>est,</span> <span class='ocrx_word' id='word_1_151' title='bbox 225 2337 309 2418; x_wconf 91' lang='lat' dir='ltr'>quod</span> <span class='ocrx_word' id='word_1_152' title='bbox 333 2335 448 2399; x_wconf 85' lang='lat' dir='ltr'>iambis</span> <span class='ocrx_word' id='word_1_153' title='bbox 471 2340 503 2399; x_wconf 93' lang='lat' dir='ltr'>et</span> <span class='ocrx_word' id='word_1_154' title='bbox 525 2336 684 2400; x_wconf 87' lang='lat' dir='ltr'>trochaeis</span> <span class='ocrx_word' id='word_1_155' title='bbox 708 2337 860 2401; x_wconf 87' lang='lat' dir='ltr'>uariatur.</span> <span class='ocrx_word' id='word_1_156' title='bbox 907 2337 987 2400; x_wconf 88' lang='lat' dir='ltr'>adde</span> <span class='ocrx_word' id='word_1_157' title='bbox 1012 2337 1098 2421; x_wconf 93' lang='lat' dir='ltr'>quod</span> <span class='ocrx_word' id='word_1_158' title='bbox 1117 2335 1246 2420; x_wconf 79' lang='lat' dir='ltr'>Gompr.</span> <span class='ocrx_word' id='word_1_159' title='bbox 1265 2337 1305 2400; x_wconf 92' lang='lat' dir='ltr'>l4.</span> 
     </span>
     <span class='ocr_line' id='line_1_19' title="bbox 146 2451 1305 2536; baseline -0.001 -21"><span class='ocrx_word' id='word_1_160' title='bbox 146 2454 185 2515; x_wconf 88' lang='grc'>10</span> <span class='ocrx_word' id='word_1_161' title='bbox 221 2456 253 2514; x_wconf 88' lang='lat' dir='ltr'>et</span> <span class='ocrx_word' id='word_1_162' title='bbox 290 2453 341 2516; x_wconf 83' lang='lat'>16.</span> <span class='ocrx_word' id='word_1_163' title='bbox 376 2454 397 2514; x_wconf 90' lang='lat'>4</span> <span class='ocrx_word' id='word_1_164' title='bbox 429 2453 584 2516; x_wconf 87' lang='lat' dir='ltr'>secundus</span> <span class='ocrx_word' id='word_1_165' title='bbox 607 2475 664 2536; x_wconf 91' lang='lat' dir='ltr'>pes</span> <span class='ocrx_word' id='word_1_166' title='bbox 688 2457 813 2516; x_wconf 88' lang='lat' dir='ltr'>constat</span> <span class='ocrx_word' id='word_1_167' title='bbox 834 2474 913 2516; x_wconf 92' lang='lat' dir='ltr'>uoce</span> <span class='ocrx_word' id='word_1_168' title='bbox 936 2453 1125 2535; x_wconf 84' lang='lat' dir='ltr'>spondiaca3</span> <span class='ocrx_word' id='word_1_169' title='bbox 1151 2451 1305 2536; x_wconf 80' lang='lat' dir='ltr'>Comprec.</span> 
     </span>
     <span class='ocr_line' id='line_1_20' title="bbox 144 2567 1304 2652; baseline -0.001 -22"><span class='ocrx_word' id='word_1_170' title='bbox 144 2570 195 2632; x_wconf 81' lang='lat'>15.</span> <span class='ocrx_word' id='word_1_171' title='bbox 221 2569 240 2630; x_wconf 77' lang='lat'>‘2</span> <span class='ocrx_word' id='word_1_172' title='bbox 262 2569 362 2652; x_wconf 77' lang='lat' dir='ltr'>prosit</span> <span class='ocrx_word' id='word_1_173' title='bbox 384 2568 428 2630; x_wconf 73' lang='lat' dir='ltr'>ud</span> <span class='ocrx_word' id='word_1_174' title='bbox 450 2568 532 2652; x_wconf 67' lang='lat' dir='ltr'>parad</span> <span class='ocrx_word' id='word_1_175' title='bbox 554 2572 603 2631; x_wconf 82' lang='lat' dir='ltr'>est</span> <span class='ocrx_word' id='word_1_176' title='bbox 625 2569 713 2651; x_wconf 90' lang='lat' dir='ltr'>prior</span> <span class='ocrx_word' id='word_1_177' title='bbox 735 2590 809 2652; x_wconf 87' lang='lat' dir='ltr'>pars</span> <span class='ocrx_word' id='word_1_178' title='bbox 826 2568 887 2632; x_wconf 92' lang='lat' dir='ltr'>coli</span> <span class='ocrx_word' id='word_1_179' title='bbox 902 2567 1074 2643; x_wconf 79' lang='lat' dir='ltr'>trochaici3</span> <span class='ocrx_word' id='word_1_180' title='bbox 1098 2568 1132 2643; x_wconf 86' lang='lat' dir='ltr'>in</span> <span class='ocrx_word' id='word_1_181' title='bbox 1150 2567 1304 2652; x_wconf 78' lang='lat' dir='ltr'>Comprec.</span> 
     </span>
     <span class='ocr_line' id='line_1_21' title="bbox 144 2684 1304 2767; baseline 0 -21"><span class='ocrx_word' id='word_1_182' title='bbox 144 2686 196 2758; x_wconf 74' lang='lat'>14,</span> <span class='ocrx_word' id='word_1_183' title='bbox 222 2684 274 2760; x_wconf 75' lang='lat'>16,</span> <span class='ocrx_word' id='word_1_184' title='bbox 299 2684 339 2746; x_wconf 88' lang='grc'>17</span> <span class='ocrx_word' id='word_1_185' title='bbox 371 2706 482 2746; x_wconf 87' lang='lat' dir='ltr'>uersus</span> <span class='ocrx_word' id='word_1_186' title='bbox 512 2685 720 2766; x_wconf 87' lang='lat' dir='ltr'>procatalecti</span> <span class='ocrx_word' id='word_1_187' title='bbox 744 2685 922 2767; x_wconf 89' lang='lat' dir='ltr'>promiscue</span> <span class='ocrx_word' id='word_1_188' title='bbox 946 2685 1124 2766; x_wconf 75' lang='lat' dir='ltr'>iunguntur</span> <span class='ocrx_word' id='word_1_189' title='bbox 1147 2705 1222 2748; x_wconf 90' lang='lat' dir='ltr'>oum</span> <span class='ocrx_word' id='word_1_190' title='bbox 1244 2705 1304 2748; x_wconf 89' lang='lat' dir='ltr'>uer-</span> 
     </span>
    </p>
   </div>
   <div class='ocr_carea' id='block_1_3' title="bbox 43 2799 1304 2884">
    <p class='ocr_par' dir='ltr' id='par_1_3' title="bbox 43 2799 1304 2884">
     <span class='ocr_line' id='line_1_22' title="bbox 43 2799 1304 2884; baseline 0.001 -23"><span class='ocrx_word' id='word_1_191' title='bbox 43 2834 50 2850; x_wconf 89' lang='lat'><strong>·</strong></span> <span class='ocrx_word' id='word_1_192' title='bbox 141 2799 229 2863; x_wconf 89' lang='lat' dir='ltr'>sibus</span> <span class='ocrx_word' id='word_1_193' title='bbox 264 2800 409 2862; x_wconf 86' lang='lat' dir='ltr'>anacrusi</span> <span class='ocrx_word' id='word_1_194' title='bbox 444 2822 507 2863; x_wconf 90' lang='lat' dir='ltr'>non</span> <span class='ocrx_word' id='word_1_195' title='bbox 542 2801 735 2864; x_wconf 86' lang='lat' dir='ltr'>carentibus.</span> <span class='ocrx_word' id='word_1_196' title='bbox 782 2822 862 2884; x_wconf 90' lang='lat' dir='ltr'>quae</span> <span class='ocrx_word' id='word_1_197' title='bbox 894 2801 1001 2864; x_wconf 89' lang='lat' dir='ltr'>omnia</span> <span class='ocrx_word' id='word_1_198' title='bbox 1023 2802 1099 2863; x_wconf 91' lang='lat' dir='ltr'>sunt</span> <span class='ocrx_word' id='word_1_199' title='bbox 1121 2801 1253 2883; x_wconf 89' lang='lat' dir='ltr'>propria</span> <span class='ocrx_word' id='word_1_200' title='bbox 1271 2799 1304 2863; x_wconf 92' lang='lat' dir='ltr'>li·</span> 
     </span>
    </p>
   </div>
   <div class='ocr_carea' id='block_1_4' title="bbox 141 2913 1305 4157">
    <p class='ocr_par' dir='ltr' id='par_1_4' title="bbox 141 2913 1305 3462">
     <span class='ocr_line' id='line_1_23' title="bbox 142 2913 1305 2999; baseline 0 -23"><span class='ocrx_word' id='word_1_201' title='bbox 142 2916 265 2978; x_wconf 87' lang='lat' dir='ltr'>centiae</span> <span class='ocrx_word' id='word_1_202' title='bbox 289 2916 427 2979; x_wconf 85' lang='lat' dir='ltr'>rusticae</span> <span class='ocrx_word' id='word_1_203' title='bbox 451 2919 483 2979; x_wconf 91' lang='lat' dir='ltr'>et</span> <span class='ocrx_word' id='word_1_204' title='bbox 506 2916 708 2993; x_wconf 84' lang='lat' dir='ltr'>domesticae,</span> <span class='ocrx_word' id='word_1_205' title='bbox 737 2916 788 2979; x_wconf 88' lang='lat' dir='ltr'>cui</span> <span class='ocrx_word' id='word_1_206' title='bbox 812 2916 917 2978; x_wconf 89' lang='lat' dir='ltr'>minus</span> <span class='ocrx_word' id='word_1_207' title='bbox 941 2915 1143 2978; x_wconf 85' lang='lat' dir='ltr'>indulserunt</span> <span class='ocrx_word' id='word_1_208' title='bbox 1168 2920 1201 2979; x_wconf 89' lang='lat' dir='ltr'>ct</span> <span class='ocrx_word' id='word_1_209' title='bbox 1219 2913 1305 2999; x_wconf 86' lang='lat' dir='ltr'>prisci</span> 
     </span>
     <span class='ocr_line' id='line_1_24' title="bbox 142 3031 1305 3115; baseline -0.001 -22"><span class='ocrx_word' id='word_1_210' title='bbox 142 3032 279 3095; x_wconf 81' lang='lat' dir='ltr'>scaenici</span> <span class='ocrx_word' id='word_1_211' title='bbox 302 3035 415 3114; x_wconf 89' lang='lat' dir='ltr'>poetae</span> <span class='ocrx_word' id='word_1_212' title='bbox 440 3031 517 3093; x_wconf 87' lang='lat' dir='ltr'>etii</span> <span class='ocrx_word' id='word_1_213' title='bbox 540 3034 654 3113; x_wconf 88' lang='lat' dir='ltr'>poetae</span> <span class='ocrx_word' id='word_1_214' title='bbox 678 3033 733 3115; x_wconf 91' lang='lat' dir='ltr'>qui</span> <span class='ocrx_word' id='word_1_215' title='bbox 757 3037 829 3114; x_wconf 89' lang='lat' dir='ltr'>post</span> <span class='ocrx_word' id='word_1_216' title='bbox 852 3053 905 3094; x_wconf 89' lang='lat' dir='ltr'>eos</span> <span class='ocrx_word' id='word_1_217' title='bbox 921 3031 1108 3095; x_wconf 88' lang='lat' dir='ltr'>floruerunt.</span> <span class='ocrx_word' id='word_1_218' title='bbox 1147 3031 1189 3094; x_wconf 93' lang='lat' dir='ltr'>de</span> <span class='ocrx_word' id='word_1_219' title='bbox 1204 3049 1305 3114; x_wconf 86' lang='lat' dir='ltr'>quare</span> 
     </span>
     <span class='ocr_line' id='line_1_25' title="bbox 142 3145 1304 3231; baseline -0.003 -21"><span class='ocrx_word' id='word_1_220' title='bbox 142 3147 303 3230; x_wconf 81' lang='lat' dir='ltr'>disputaui</span> <span class='ocrx_word' id='word_1_221' title='bbox 338 3146 465 3231; x_wconf 82' lang='lat' dir='ltr'>Proleg.</span> <span class='ocrx_word' id='word_1_222' title='bbox 502 3168 572 3229; x_wconf 90' lang='lat' dir='ltr'>cap.</span> <span class='ocrx_word' id='word_1_223' title='bbox 608 3145 664 3211; x_wconf 90' lang='lat' dir='ltr'>IV.</span> <span class='ocrx_word' id='word_1_224' title='bbox 699 3150 859 3230; x_wconf 88' lang='lat' dir='ltr'>postremo</span> <span class='ocrx_word' id='word_1_225' title='bbox 893 3146 1033 3229; x_wconf 84' lang='lat' dir='ltr'>periodis</span> <span class='ocrx_word' id='word_1_226' title='bbox 1068 3146 1304 3230; x_wconf 82' lang='lat' dir='ltr'>systematisque</span> 
     </span>
     <span class='ocr_line' id='line_1_26' title="bbox 142 3261 1303 3346; baseline -0.003 -20"><span class='ocrx_word' id='word_1_227' title='bbox 142 3263 306 3346; x_wconf 85' lang='lat' dir='ltr'>compositi</span> <span class='ocrx_word' id='word_1_228' title='bbox 330 3267 404 3326; x_wconf 90' lang='lat' dir='ltr'>sunt</span> <span class='ocrx_word' id='word_1_229' title='bbox 426 3285 514 3326; x_wconf 85' lang='lat' dir='ltr'>more</span> <span class='ocrx_word' id='word_1_230' title='bbox 545 3263 717 3326; x_wconf 88' lang='lat' dir='ltr'>domestico</span> <span class='ocrx_word' id='word_1_231' title='bbox 742 3262 905 3345; x_wconf 85' lang='lat' dir='ltr'>Comprec.</span> <span class='ocrx_word' id='word_1_232' title='bbox 931 3263 1050 3339; x_wconf 75' lang='lat'>3-14,</span> <span class='ocrx_word' id='word_1_233' title='bbox 1074 3261 1114 3325; x_wconf 91' lang='lat' dir='ltr'>de</span> <span class='ocrx_word' id='word_1_234' title='bbox 1138 3284 1205 3345; x_wconf 89' lang='lat' dir='ltr'>qua</span> <span class='ocrx_word' id='word_1_235' title='bbox 1226 3283 1258 3325; x_wconf 85' lang='lat' dir='ltr'>re</span> <span class='ocrx_word' id='word_1_236' title='bbox 1279 3281 1303 3323; x_wconf 89' lang='lat' dir='ltr'>u.</span> 
     </span>
     <span class='ocr_line' id='line_1_27' title="bbox 141 3377 428 3462; baseline 0.007 -22"><span class='ocrx_word' id='word_1_237' title='bbox 141 3377 268 3462; x_wconf 83' lang='lat' dir='ltr'>Proleg.</span> <span class='ocrx_word' id='word_1_238' title='bbox 293 3400 362 3461; x_wconf 89' lang='lat' dir='ltr'>cap.</span> <span class='ocrx_word' id='word_1_239' title='bbox 386 3377 428 3442; x_wconf 90' lang='lat' dir='ltr'>V.</span> 
     </span>
    </p>

    <p class='ocr_par' dir='ltr' id='par_1_5' title="bbox 141 3491 1305 3926">
     <span class='ocr_line' id='line_1_28' title="bbox 246 3491 1305 3577; baseline -0.002 -21"><span class='ocrx_word' id='word_1_240' title='bbox 246 3493 345 3558; x_wconf 85' lang='lat' dir='ltr'>Porro</span> <span class='ocrx_word' id='word_1_241' title='bbox 380 3498 412 3557; x_wconf 93' lang='lat' dir='ltr'>in</span> <span class='ocrx_word' id='word_1_242' title='bbox 447 3495 554 3557; x_wconf 90' lang='lat' dir='ltr'>medio</span> <span class='ocrx_word' id='word_1_243' title='bbox 584 3493 740 3577; x_wconf 84' lang='lat' dir='ltr'>relinquo,</span> <span class='ocrx_word' id='word_1_244' title='bbox 764 3493 890 3577; x_wconf 89' lang='lat' dir='ltr'>quando</span> <span class='ocrx_word' id='word_1_245' title='bbox 912 3494 1017 3556; x_wconf 79' lang='lat' dir='ltr'>iactae</span> <span class='ocrx_word' id='word_1_246' title='bbox 1041 3492 1106 3555; x_wconf 91' lang='lat' dir='ltr'>sint</span> <span class='ocrx_word' id='word_1_247' title='bbox 1130 3515 1188 3557; x_wconf 86' lang='lat' dir='ltr'>eae</span> <span class='ocrx_word' id='word_1_248' title='bbox 1214 3491 1305 3557; x_wconf 88' lang='lat' dir='ltr'>canti·</span> 
     </span>
     <span class='ocr_line' id='line_1_29' title="bbox 141 3608 1305 3693; baseline -0.003 -19"><span class='ocrx_word' id='word_1_249' title='bbox 141 3632 217 3675; x_wconf 89' lang='lat' dir='ltr'>ones</span> <span class='ocrx_word' id='word_1_250' title='bbox 252 3632 330 3693; x_wconf 88' lang='lat' dir='ltr'>quas</span> <span class='ocrx_word' id='word_1_251' title='bbox 362 3611 462 3685; x_wconf 81' lang='lat' dir='ltr'>edidi3</span> <span class='ocrx_word' id='word_1_252' title='bbox 487 3611 542 3674; x_wconf 84' lang='lat' dir='ltr'>sed</span> <span class='ocrx_word' id='word_1_253' title='bbox 565 3610 616 3673; x_wconf 89' lang='lat' dir='ltr'>fac</span> <span class='ocrx_word' id='word_1_254' title='bbox 640 3611 794 3692; x_wconf 87' lang='lat' dir='ltr'>quasdam</span> <span class='ocrx_word' id='word_1_255' title='bbox 818 3631 927 3672; x_wconf 85' lang='lat' dir='ltr'>carum</span> <span class='ocrx_word' id='word_1_256' title='bbox 951 3608 1143 3691; x_wconf 85' lang='lat' dir='ltr'>compositas</span> <span class='ocrx_word' id='word_1_257' title='bbox 1168 3631 1236 3673; x_wconf 89' lang='lat' dir='ltr'>esse</span> <span class='ocrx_word' id='word_1_258' title='bbox 1258 3609 1305 3685; x_wconf 87' lang='lat' dir='ltr'>de·</span> 
     </span>
     <span class='ocr_line' id='line_1_30' title="bbox 141 3723 1305 3808; baseline -0.003 -19"><span class='ocrx_word' id='word_1_259' title='bbox 141 3748 227 3789; x_wconf 91' lang='lat' dir='ltr'>mum</span> <span class='ocrx_word' id='word_1_260' title='bbox 262 3726 374 3808; x_wconf 87' lang='lat' dir='ltr'>primis</span> <span class='ocrx_word' id='word_1_261' title='bbox 392 3726 533 3789; x_wconf 87' lang='lat' dir='ltr'>saeculis</span> <span class='ocrx_word' id='word_1_262' title='bbox 556 3726 626 3788; x_wconf 88' lang='lat' dir='ltr'>aeui</span> <span class='ocrx_word' id='word_1_263' title='bbox 651 3725 867 3808; x_wconf 87' lang='lat' dir='ltr'>imperatorii;</span> <span class='ocrx_word' id='word_1_264' title='bbox 891 3731 998 3787; x_wconf 84' lang='lat' dir='ltr'>tamen</span> <span class='ocrx_word' id='word_1_265' title='bbox 1021 3723 1128 3786; x_wconf 83' lang='lat' dir='ltr'>factae</span> <span class='ocrx_word' id='word_1_266' title='bbox 1153 3729 1228 3788; x_wconf 83' lang='lat' dir='ltr'>sunt</span> <span class='ocrx_word' id='word_1_267' title='bbox 1249 3724 1305 3788; x_wconf 85' lang='lat' dir='ltr'>for·</span> 
     </span>
     <span class='ocr_line' id='line_1_31' title="bbox 142 3840 1069 3926; baseline -0.003 -21"><span class='ocrx_word' id='word_1_268' title='bbox 142 3842 201 3905; x_wconf 89' lang='lat' dir='ltr'>mis</span> <span class='ocrx_word' id='word_1_269' title='bbox 226 3841 420 3926; x_wconf 84' lang='lat' dir='ltr'>peruetustis</span> <span class='ocrx_word' id='word_1_270' title='bbox 444 3842 619 3925; x_wconf 87' lang='lat' dir='ltr'>patriisque</span> <span class='ocrx_word' id='word_1_271' title='bbox 644 3841 683 3903; x_wconf 89' lang='lat' dir='ltr'>ad</span> <span class='ocrx_word' id='word_1_272' title='bbox 708 3840 903 3924; x_wconf 77' lang='lat' dir='ltr'>exeinplaria</span> <span class='ocrx_word' id='word_1_273' title='bbox 926 3840 1069 3922; x_wconf 89' lang='lat' dir='ltr'>antiqua.</span> 
     </span>
    </p>

    <p class='ocr_par' dir='ltr' id='par_1_6' title="bbox 141 3956 1305 4157">
     <span class='ocr_line' id='line_1_32' title="bbox 247 3956 1305 4039; baseline -0.003 -18"><span class='ocrx_word' id='word_1_274' title='bbox 247 3957 297 4021; x_wconf 84' lang='lat' dir='ltr'>De</span> <span class='ocrx_word' id='word_1_275' title='bbox 321 3957 515 4020; x_wconf 76' lang='lat' dir='ltr'>carminibus</span> <span class='ocrx_word' id='word_1_276' title='bbox 539 3957 813 4020; x_wconf 86' lang='lat' dir='ltr'>dedicationis</span> <span class='ocrx_word' id='word_1_277' title='bbox 837 3957 976 4039; x_wconf 85' lang='lat' dir='ltr'>primum</span> <span class='ocrx_word' id='word_1_278' title='bbox 991 3956 1305 4027; x_wconf 81' lang='lat' dir='ltr'>commemorandum,</span> 
     </span>
     <span class='ocr_line' id='line_1_33' title="bbox 141 4070 1305 4157; baseline -0.003 -20"><span class='ocrx_word' id='word_1_279' title='bbox 141 4073 222 4157; x_wconf 70' lang='lat' dir='ltr'>tluod</span> <span class='ocrx_word' id='word_1_280' title='bbox 258 4072 388 4138; x_wconf 65' lang='lat' dir='ltr'>Ceresius</span> <span class='ocrx_word' id='word_1_281' title='bbox 422 4071 540 4136; x_wconf 86' lang='lat' dir='ltr'>Bassus</span> <span class='ocrx_word' id='word_1_282' title='bbox 574 4073 596 4137; x_wconf 88' lang='lat' dir='ltr'>l.</span> <span class='ocrx_word' id='word_1_283' title='bbox 631 4094 658 4135; x_wconf 92' lang='lat' dir='ltr'>c.</span> <span class='ocrx_word' id='word_1_284' title='bbox 688 4072 859 4136; x_wconf 85' lang='lat' dir='ltr'>memoriae</span> <span class='ocrx_word' id='word_1_285' title='bbox 882 4071 1034 4154; x_wconf 75' lang='lat' dir='ltr'>prodidit,</span> <span class='ocrx_word' id='word_1_286' title='bbox 1057 4070 1305 4156; x_wconf 86' lang='lat' dir='ltr'>triumphaturos</span> 
     </span>
    </p>
   </div>
   <div class='ocr_carea' id='block_1_5' title="bbox 139 4180 1308 4386">
    <p class='ocr_par' dir='ltr' id='par_1_7' title="bbox 139 4180 1308 4386">
     <span class='ocr_line' id='line_1_34' title="bbox 140 4180 1305 4274; baseline -0.004 -22"><span class='ocrx_word' id='word_1_287' title='bbox 140 4189 234 4253; x_wconf 63' lang='lat' dir='ltr'>uiueres</span> <span class='ocrx_word' id='word_1_288' title='bbox 270 4189 303 4253; x_wconf 88' lang='lat' dir='ltr'>iu</span> <span class='ocrx_word' id='word_1_289' title='bbox 336 4180 454 4253; x_wconf 81' lang='lat' dir='ltr'>tabulis</span> <span class='ocrx_word' id='word_1_290' title='bbox 486 4188 625 4274; x_wconf 82' lang='lat' dir='ltr'>antiquis</span> <span class='ocrx_word' id='word_1_291' title='bbox 654 4210 733 4271; x_wconf 89' lang='lat' dir='ltr'>quas</span> <span class='ocrx_word' id='word_1_292' title='bbox 756 4188 791 4251; x_wconf 90' lang='lat' dir='ltr'>in</span> <span class='ocrx_word' id='word_1_293' title='bbox 814 4186 971 4271; x_wconf 84' lang='lat' dir='ltr'>Capitolio</span> <span class='ocrx_word' id='word_1_294' title='bbox 993 4187 1134 4272; x_wconf 85' lang='lat' dir='ltr'>figerent</span> <span class='ocrx_word' id='word_1_295' title='bbox 1158 4186 1305 4252; x_wconf 89' lang='lat' dir='ltr'>uictoriae</span> 
     </span>
     <span class='ocr_line' id='line_1_35' title="bbox 139 4301 1308 4386; baseline -0.001 -21"><span class='ocrx_word' id='word_1_296' title='bbox 139 4326 215 4369; x_wconf 84' lang='lat' dir='ltr'>suae</span> <span class='ocrx_word' id='word_1_297' title='bbox 239 4303 369 4369; x_wconf 81' lang='lat' dir='ltr'>titulum</span> <span class='ocrx_word' id='word_1_298' title='bbox 397 4301 552 4368; x_wconf 82' lang='lat' dir='ltr'>Saturniis</span> <span class='ocrx_word' id='word_1_299' title='bbox 575 4304 720 4367; x_wconf 88' lang='lat' dir='ltr'>uersibus</span> <span class='ocrx_word' id='word_1_300' title='bbox 744 4325 813 4367; x_wconf 91' lang='lat' dir='ltr'>esse</span> <span class='ocrx_word' id='word_1_301' title='bbox 836 4305 1031 4386; x_wconf 87' lang='lat' dir='ltr'>prosecutos.</span> <span class='ocrx_word' id='word_1_302' title='bbox 1077 4302 1180 4367; x_wconf 89' lang='lat' dir='ltr'>etiam</span> <span class='ocrx_word' id='word_1_303' title='bbox 1203 4327 1223 4367; x_wconf 87' lang='lat' dir='ltr'>a</span> <span class='ocrx_word' id='word_1_304' title='bbox 1244 4301 1308 4386; x_wconf 92' lang='lat' dir='ltr'>pri·</span> 
     </span>
    </p>
   </div>
   <div class='ocr_carea' id='block_1_6' title="bbox 0 0 1460 4778">
    <p class='ocr_par' dir='ltr' id='par_1_8' title="bbox 0 0 1460 4778">
     <span class='ocr_line' id='line_1_36' title="bbox 0 0 1460 4778; baseline 0 0"><span class='ocrx_word' id='word_1_305' title='bbox 0 0 1460 4778; x_wconf 95' lang='lat' dir='ltr'> </span> 
     </span>
    </p>
   </div>
  </div>
 </body>
</html>
