2910 4778
238 303 363 350 cmlv
712 304 878 350 Excussis
897 304 931 349 11.

239 499 326 540 more
361 477 465 560 prisco
500 498 629 539 romano
662 476 706 538 ita
742 476 804 538 dici
838 476 965 539 solitum
989 482 1048 539 est.
1094 476 1209 558 itaque
1233 477 1298 538 est
1321 494 1409 556 saepe

238 592 420 674 corripitur,
445 614 532 655 esse
557 592 785 673 paenultimam
808 613 870 654 uon
894 592 1033 674 corripit.

346 707 539 770 Praesertim
561 708 588 769 si
612 707 717 770 media
740 713 788 769 est
811 707 932 789 liquida
955 712 1010 769 aot
1033 706 1151 770 nasalis
1176 713 1236 770 aut
1260 704 1294 768 V
1309 705 1409 768 lit-tera

240 824 389 905 -quod
421 824 487 885 iam
522 822 678 886 Christius
706 824 796 885 docet
820 859 860 867 —
886 845 979 886 uoces
1001 823 1158 885 iambicae
1184 821 1408 904 corripiuntur,

239 946 276 1001 ut
308 938 404 1000 leontis
437 938 576 1017 (11111ιῖ1),
600 939 778 1015 1111111116,
802 938 885 1001 loun
931 960 989 1001 nec
1013 944 1120 1000 tamen
1143 938 1207 1002 hoc
1232 959 1355 1022 genere
1376 959 1407 1000 ea

239 1054 398 1135 correptio
420 1054 701 1117 circumscribitur.

346 1165 435 1232 Inter
468 1180 575 1251 partes
608 1170 761 1232 orationis
795 1169 932 1232 maxime
967 1169 1152 1232 breuiantur
1195 1173 1306 1249 atone,
1348 1168 1405 1231 siue

239 1285 415 1366 particulae
439 1289 513 1347 sunt
536 1286 604 1348 siue
628 1286 814 1367 pronomina
836 1285 903 1346 siue
927 1285 1041 1366 copula
1063 1286 1138 1348 ’5le
1186 1285 1297 1348 minus
1320 1305 1403 1366 saepe

239 1400 455 1483 corripiuntur
479 1401 587 1477 uerba.
613 1402 742 1463 minime
758 1422 854 1482 saepe
871 1400 1009 1463 nomina.
1055 1422 1265 1483 quamquam,
1282 1401 1316 1463 id
1331 1399 1404 1482 quod

239 1515 414 1578 Muellerus
437 1526 470 1578 et-
493 1514 649 1580 Clrristius
673 1517 798 1583 docent.
831 1516 992 1578 nominum
1016 1516 1174 1598 quaedam
1198 1516 1404 1598 corripiuntur

239 1632 377 1714 saepius,
411 1632 713 1715 terminationesque
748 1653 793 1694 -es
826 1634 869 1693 ·is
891 1653 944 1694 -us
966 1633 1093 1714 saepius
1116 1632 1144 1694 si
1167 1631 1319 1695 uerbales
1341 1634 1404 1694 sunt

240 1747 454 1828 corripiuntur
483 1771 579 1830 quam
607 1749 634 1810 si
657 1749 841 1811 nominales.
888 1754 920 1811 et
943 1748 1071 1830 quidem
1095 1768 1140 1810 ·cs
1163 1751 1197 1809 et
1219 1749 1265 1810 -is
1288 1746 1404 1830 saepius

240 1863 411 1945 corripitur
433 1885 529 1945 quam
552 1886 611 1926 -cs,

347 2093 365 2174 ξ
390 2094 420 2156 9.
467 2094 527 2157 His
550 2096 650 2179 igitur
672 2118 754 2178 quae
777 2095 836 2158 hoc
860 2117 994 2158 excursu
1018 2094 1253 2176 disputauimus
1279 2093 1404 2157 efficitur

240 2210 475 2290 correptionem
519 2211 605 2273 uocis
651 2212 702 2274 uel
748 2211 973 2293 complexionis
1011 2210 1208 2292 syllabarum
1256 2209 1404 2273 iambicae

240 2326 354 2407 priscis
388 2327 582 2390 carminibus
616 2326 842 2403 Romanorum,
877 2327 944 2388 siue
980 2325 1178 2410 graecanicis
1210 2326 1323 2389 formis
1346 2325 1405 2387 siue

238 2443 352 2523 patriis
375 2444 611 2525 pangebantur,
636 2444 733 2506 fuisse
757 2464 967 2506 communem.

346 2554 384 2618 ln
419 2557 478 2620 hac
503 2580 536 2620 re
560 2558 660 2621 mult-a
684 2560 819 2621 obscura
842 2562 926 2633 sunt,
951 2558 1050 2620 multa
1075 2560 1293 2620 controuerso.
1340 2558 1405 2619 sunt

239 2675 295 2755 qui
318 2678 431 2754 putent
456 2695 549 2737 uoces
574 2674 726 2738 iambicas
743 2697 761 2736 a
777 2675 931 2737 scaenicis
948 2674 1060 2755 priscis
1075 2673 1147 2735 ideo
1163 2677 1330 2754 correptas
1345 2692 1404 2735 esse

240 2802 274 2850 ut
309 2789 430 2871 aliquid
464 2789 690 2852 concederetur
724 2790 861 2852 sermoni
894 2811 1031 2870 ususque
1066 2789 1152 2850 uitae
1181 2788 1404 2852 communisin

239 2927 354 2967 scaena
377 2907 480 2987 magis
504 2908 807 2987 repraesentaretur.
853 2904 936 2987 quod
955 2926 1073 2966 uarmm
1090 2925 1157 2966 esse
1174 2905 1214 2966 iis
1230 2926 1316 2988 quae
1331 2922 1404 2967 nunc

242 3022 401 3102 disputata
435 3028 508 3084 sunt
536 3022 682 3085 efficitur.
728 3028 761 3084 et
783 3026 857 3084 sunt
881 3021 944 3083 alia
967 3042 1048 3102 quae
1073 3021 1112 3082 ad
1136 3042 1208 3082 eam
1232 3021 1404 3103 opinionem

240 3136 410 3198 tollendam
434 3139 569 3201 multum
593 3138 711 3200 ualent.

347 3250 460 3334 Neque
484 3254 566 3316 enim
585 3255 737 3318 diuerbiis
753 3277 791 3316 ea
803 3255 960 3336 correptio
972 3253 1213 3334 circumscripta
1230 3257 1290 3330 est,
1304 3253 1358 3316 sed
1370 3286 1401 3295 -

241 3369 324 3450 quod
346 3390 454 3431 omnes
478 3370 581 3432 sciunt
606 3406 643 3413 —
682 3371 783 3432 multa
805 3371 916 3432 eadem
940 3370 973 3432 in
997 3369 1139 3432 canticis.
1187 3390 1270 3450 quae
1295 3372 1331 3431 ut
1353 3366 1402 3430 mi·

242 3484 362 3546 nimum
385 3484 445 3546 loci
470 3485 568 3548 habet
591 3486 623 3547 in
648 3486 774 3548 creticis
798 3490 830 3548 et
854 3485 1005 3561 bacchus,
1030 3486 1076 3547 ita
1093 3484 1268 3566 plurimum
1284 3484 1320 3546 in
1334 3484 1402 3547 iam·

243 3601 291 3662 bis
326 3603 358 3663 et
392 3600 550 3663 trochaeis
585 3602 789 3675 canticorum,
811 3605 844 3664 et
867 3601 1058 3685 anapaestis.
1083 3600 1172 3662 cuius
1195 3599 1243 3661 rei
1267 3596 1401 3680 exempla

241 3715 300 3779 hoc
324 3716 394 3779 loco
418 3716 533 3778 afferre
556 3739 618 3780 uon
642 3739 720 3800 opus
745 3722 802 3780 est.
849 3717 904 3779 sed
927 3739 967 3778 ne
991 3716 1062 3798 quis
1085 3715 1195 3777 credat
1219 3737 1292 3777 eam
1315 3715 1401 3777 licen·

242 3833 322 3894 tiam
356 3833 389 3894 in
414 3834 594 3915 anapaestis
617 3833 715 3896 fuisse
740 3833 785 3895 ita
808 3819 982 3915 propriam*
995 3830 1101 3893 Plauti
1125 3833 1249 3892 utnon
1273 3831 1314 3893 ad
1338 3828 1402 3893 alios

244 3948 479 4030 antiquissimos
503 3949 673 4031 scriptores
699 3949 857 4012 scaenicos
880 3947 1067 4029 pertineret
1081 3944 1229 4008 adscribo
1239 3943 1328 4009 hunc
1343 3964 1404 4008 uer·

243 4085 311 4126 sum
339 4062 456 4129 Naeuii
481 4086 560 4127 com.
586 4066 626 4128 5?
652 4065 681 4127 R
705 4067 786 4141 ''ac,
811 4064 891 4128 meis
916 4064 1034 4127 bonis
1058 4061 1203 4124 omnibus
1228 4065 1292 4145 ego
1309 4065 1341 4125 te
1357 4059 1405 4123 he·

244 4182 310 4241 rem
334 4180 482 4242 faciam'.
529 4201 586 4242 nec
611 4202 686 4243 uero
709 4181 813 4242 minus
831 4180 869 4247 in
893 4178 1027 4260 dactylis
1057 4176 1089 4240 id
1104 4176 1231 4239 factum
1255 4180 1307 4240 est
1320 4194 1406 4260 quam

1015 4273 1022 4283 ι

243 4295 276 4356 in
301 4297 490 4378 anapaestis.
536 4295 669 4359 Plautus
692 4294 775 4358 Rud.
801 4296 863 4358 668
889 4294 985 4358 Bel>
1008 4292 1051 4355 In
1074 4294 1182 4355 metri
1203 4295 1293 4356 minc
1309 4309 1408 4356 sumus
