2910 4778
237 323 344 370 LXVIII
716 317 881 366 EXCVRSVS
900 316 921 361 L

343 494 493 579 Sequitur
515 498 551 558 ut
574 494 772 578 proferamus
797 492 940 575 exempla
963 490 1181 554 titulorum
1199 489 1236 571 1).

344 655 633 720 Dedicationis
656 675 766 718 uersus
791 656 839 716 est

238 771 349 835 Dedio.
376 773 392 835 1
475 771 602 854 doque
627 769 854 852 dediooque
877 768 939 831 uti
962 770 1023 831 sies
1048 767 1157 830 uolens
1181 767 1361 849 propitium

215 909 217 916 ’
238 888 276 951 de
301 909 362 970 quo
387 886 452 950 dixi
476 908 507 969 p.
531 883 589 950 VI.

344 1055 479 1119 Restant
513 1054 660 1140 elogia.
707 1055 741 1117 in
775 1054 889 1137 quibus
924 1033 1129 1116 inueniuntur
1162 1051 1259 1115 huius
1283 1055 1405 1136 generis

237 1193 348 1235 uersus
372 1174 458 1234 ooto:
483 1170 626 1255 paeligni
651 1171 711 1233 duo
737 1169 765 1234 6.
792 1169 810 1231 6
834 1172 867 1232 et
892 1170 921 1247 7,
946 1168 984 1231 de
1008 1169 1123 1251 quibus
1139 1167 1335 1231 mentionem
1351 1167 1404 1232 feci

237 1310 269 1370 p.
294 1283 395 1364 LXII,
419 1286 541 1350 romani
564 1285 689 1368 reliqui.
736 1275 870 1368 quorum
893 1285 1014 1373 primus
1038 1284 1072 1346 in
1096 1305 1226 1346 examen
1250 1284 1362 1347 ueniat

238 1403 332 1486 Elog.
359 1404 399 1467 19
474 1403 520 1467 ob
544 1401 762 1466 fidelitate
786 1404 825 1464 et
869 1401 976 1463 oficeis
1000 1403 1251 1463 monumentum.

344 1517 441 1582 Dieat
464 1517 579 1601 aliquis
601 1516 685 1580 hano
708 1516 845 1600 speciem
859 1516 982 1579 numeri
999 1515 1133 1579 saturnii
1150 1536 1217 1578 esse
1235 1515 1404 1579 fortuitam.

239 1634 322 1717 quod
348 1654 403 1697 our
426 1633 530 1696 minus
553 1633 623 1696 ueri
646 1632 748 1696 simile
773 1653 840 1695 esse
865 1631 1027 1694 uideretur
1051 1652 1161 1694 causas
1185 1630 1345 1712 explieaui
1360 1652 1405 1694 oa·

238 1749 306 1832 pite
342 1745 399 1814 IX.
445 1749 500 1812 sed
534 1751 640 1831 potest
675 1769 750 1811 sane
784 1746 864 1810 haeo
892 1746 1014 1830 speeies
1037 1747 1161 1810 numeri
1184 1747 1322 1811 saturnii
1344 1768 1404 1810 esse

238 1864 381 1928 fortuita.
428 1863 644 1947 relinquamus
667 1863 768 1947 igitur
790 1862 874 1926 hunc
898 1883 1035 1940 uersum,
1059 1866 1095 1926 ut
1119 1862 1259 1927 dubium.

347 2031 452 2096 Ceteri
476 2033 606 2097 suntin
630 2032 744 2116 elogiis
767 2030 961 2115 Scipionum.

239 2147 334 2232 Elog.
359 2150 388 2212 2.
415 2149 433 2212 6
480 2147 640 2233 subigit
663 2150 771 2211 omne
795 2148 1022 2212 Loucanam
1067 2148 1256 2231 opsidesque

777 2264 935 2328 abdouoit.
983 2264 1033 2340 (de
1058 2287 1120 2348 quo
1144 2264 1184 2327 of.
1209 2286 1242 2346 p.
1267 2261 1340 2342 VI).

280 2431 293 2459 „
359 2381 432 2444 3.2
479 2379 644 2444 Luciam
669 2378 871 2462 Scipione.
918 2380 1003 2445 filios
1027 2379 1160 2444 Barbati

278 2546 291 2574 ‚‚
355 2496 431 2559 4.6
478 2494 598 2560 Publi
622 2496 866 2580 prognatum
911 2494 1026 2560 Publio
1050 2495 1185 2560 Corneli.

278 2662 290 2690 „
357 2612 431 2674 5.6
477 2610 919 2694 nequairritishonore
965 2611 1408 2695 queiminussitmanddtus.

346 2779 374 2843 li
408 2803 519 2844 uersus
554 2803 612 2864 per
635 2782 802 2845 anaerusin
826 2782 935 2845 scandi
957 2804 1018 2845 non
1043 2785 1175 2864 possunt
1198 2785 1233 2845 ut
1256 2803 1320 2845 non
1344 2783 1411 2848 uio·

239 2895 323 2959 letur
357 2895 463 2978 aliquo
499 2897 591 2960 modo
625 2897 773 2980 prosodia
808 2898 935 2961 usitata.
983 2919 1019 2960 ao
1055 2898 1093 2960 de
1129 2897 1273 2962 uersibus
1310 2902 1411 2962 extre·

240 3011 300 3074 mis
335 3011 513 3096 alogiorum
548 3014 567 3075 2
593 3015 625 3076 et
649 3014 668 3076 5
692 3035 755 3077 non
779 3034 857 3097 opus
881 3017 930 3076 est
952 3014 1060 3077 multis
1084 3014 1206 3077 uerbis:
1231 3013 1303 3097 quis
1328 3015 1412 3078 enim

240 3148 303 3191 non
336 3127 425 3190 uidet
462 3128 694 3192 barbarismum
729 3129 799 3192 fieri
835 3129 958 3210 syllaba
992 3151 1091 3213 praue
1128 3130 1290 3211 producta,
1315 3131 1343 3194 si
1368 3131 1412 3195 sio

240 3242 388 3307 scandas:
426 3243 608 3329 ”subigit
641 3266 733 3310 omne
756 3245 959 3310 Louoanam''
984 3249 1014 3309 et
1038 3247 1099 3309 ”ne
1123 3246 1330 3329 quairatis
1354 3246 1412 3312 ho·

240 3359 348 3421 nore''.
394 3380 453 3423 neo
476 3359 579 3445 magis
603 3383 662 3425 usu
686 3363 850 3445 poetarum
874 3363 1098 3445 comprobatur
1120 3361 1178 3425 illa
1201 3362 1298 3444 primi
1314 3363 1414 3428 iambi

241 3472 379 3537 scansio:
418 3475 531 3538 ”snbs
537 3475 603 3560 git
636 3499 727 3541 omne
763 3477 984 3556 Louoanam'';
1021 3478 1059 3541 de
1095 3500 1157 3561 qua
1192 3499 1225 3541 re
1251 3477 1413 3562 disputaui

135 3571 144 3585 ‘
241 3593 274 3652 et
300 3589 372 3653 adn.
398 3590 438 3653 ad
462 3590 545 3674 elog.
570 3593 601 3656 2.
626 3592 645 3656 6
668 3616 700 3676 p.
726 3593 767 3658 59
793 3597 825 3657 et
848 3593 971 3679 proleg.
997 3593 1073 3677 Cap.
1098 3590 1147 3657 IlI
1170 3616 1202 3676 p.
1227 3591 1339 3657 XXXI
1364 3618 1411 3679 sq.

347 3704 400 3769 Aa
434 3705 572 3789 reliquos
607 3711 713 3772 autem
749 3708 825 3773 duos
860 3709 953 3796 Elog.
990 3713 1019 3775 3.
1056 3712 1075 3773 2
1112 3714 1144 3773 et
1167 3712 1197 3772 4.
1224 3710 1243 3772 6
1266 3710 1414 3795 longiore

241 3819 375 3884 fortasse
402 3842 481 3904 opus
504 3825 554 3886 est
577 3822 800 3906 disputatione.
848 3846 922 3889 nam
946 3825 986 3889 ad
1009 3825 1224 3889 scandendum
1247 3824 1359 3912 Elegii
1384 3830 1414 3893 3.

353 4018 376 4092 ¹)
401 4023 514 4085 omino
547 4025 622 4086 Ded.
655 4028 684 4084 4.
710 4030 730 4085 4
755 4028 966 4104 'opiparum
989 4029 1031 4086 aid
1055 4029 1288 4104 quolrindom
1333 4030 1415 4088 uti-

241 4114 317 4170 tam
340 4109 499 4190 diesque
522 4114 664 4187 festos,
688 4116 740 4192 qui
761 4136 866 4176 uersus
889 4118 1020 4177 incertus
1043 4118 1082 4176 sit
1104 4117 1239 4176 lectione.
1283 4137 1337 4176 neo
1353 4139 1415 4177 ma-

241 4199 287 4276 gis
311 4208 420 4348 aeertus
444 4205 489 4262 est
513 4202 664 4280 Compreo.
691 4205 742 4265 14.
768 4207 785 4264 2
810 4210 841 4264 si
864 4206 973 4266 hodie
997 4209 1129 4266 ereata
1174 4206 1205 4264 si
1228 4202 1422 4268 antidhao'

242 4305 303 4347 ore
334 4298 374 4351 ta
397 4307 444 4353 es.
