2910 4778
561 315 631 361 OAP.
650 315 721 360 VIII.
1124 317 1238 365 CXLVII

16 526 27 547 a
59 509 124 571 qua
147 487 293 570 pluribus
317 487 417 551 modis
442 487 601 551 sententia
626 485 752 566 dicitur,
776 509 839 570 quo
862 489 955 553 modo
984 511 1129 572 quaeque
1153 490 1239 554 dicta

59 605 103 667 sit
137 604 178 668 ab
214 603 455 687 antiquioribus.
509 604 600 687 quod
621 625 712 667 secus
735 607 784 666 est
805 603 838 667 in
863 604 976 668 studiis
1001 606 1238 690 paroemiogra-

56 719 207 802 phorum.
255 720 295 783 ab
318 718 358 782 iis
382 719 467 782 enim
491 722 523 783 et
545 719 647 782 mixta
670 721 744 783 sunt
767 719 1044 804 apophthegmata
1067 722 1238 805 prouerbia

58 835 185 920 glossae
210 856 269 898 nec
293 835 399 898 omnia
422 834 594 919 prouerbio.
617 835 663 898 ita
686 835 806 899 tradita
829 838 865 899 ut
880 837 1238 913 ferebantursermoni-

58 954 119 1016 bus
155 951 256 1036 uulgi,
291 951 347 1015 sed
382 950 484 1014 multa
518 974 537 1014 a
571 951 675 1035 poetis
699 955 837 1035 sumpta,
863 974 997 1035 quorum
1020 975 1140 1038 magna
1163 975 1237 1037 pars

57 1068 155 1131 metri
179 1089 274 1131 causa
298 1068 366 1131 sine
390 1067 487 1131 dubio
510 1070 635 1131 mutata
659 1070 717 1131 est.

167 1181 229 1247 Sed
253 1184 348 1248 redeo
371 1184 412 1247 ad
435 1183 545 1247 latina.
593 1183 678 1266 quod
702 1183 803 1268 igitur
822 1206 947 1268 quoque
962 1185 1032 1249 leco
1049 1207 1116 1248 esse
1133 1185 1237 1250 uisum

58 1303 109 1362 est
143 1300 359 1382 prouerbium,
395 1299 427 1363 id
463 1300 616 1381 probatur
642 1299 782 1383 primum
805 1300 997 1364 testimoniis
1023 1301 1235 1384 antiquorum,

58 1415 175 1479 deinde
199 1415 385 1494 elocutione,
404 1436 480 1478 nam
496 1417 545 1478 est
560 1415 804 1497 prouerbiorum
822 1417 951 1499 propria
968 1417 1110 1481 breuitas
1123 1438 1237 1500 <pressa

58 1535 155 1614 atque
179 1534 305 1615 arguta,
328 1533 396 1594 tum
420 1530 580 1614 rhythmo,
604 1531 659 1615 qui
679 1553 776 1614 saepe
793 1531 848 1595 sed
866 1553 927 1595 non
944 1553 1072 1615 semper
1087 1532 1237 1596 coniunc·
1268 1594 1271 1599 Δ

56 1651 110 1710 tus
147 1651 194 1710 est
228 1668 299 1710 cum
328 1645 535 1710 consonantia
559 1647 612 1710 uel
636 1646 860 1711 alliterationis
883 1647 936 1711 uel
962 1682 1001 1692 ·-
1027 1648 1110 1730 quod
1134 1648 1236 1711 rarius

57 1762 96 1826 fit
131 1799 173 1806 —
208 1761 464 1827 homoeoteleuti.
512 1762 610 1827 etiam
646 1785 686 1827 ex
722 1785 759 1827 eo
783 1763 866 1846 quod
891 1786 910 1827 a
932 1763 1077 1846 pluribus
1101 1764 1237 1827 iteratur

57 1878 219 1942 sententia
243 1878 417 1941 communis
441 1877 641 1963 intellegitur
665 1900 733 1942 esse
758 1879 978 1962 prouerbialis.
1018 1880 1103 1962 quod
1126 1880 1154 1942 si
1177 1901 1234 1944 ua-

57 1994 162 2057 riatur
184 1993 301 2072 uerbis
326 1993 426 2057 nihilo
450 1993 554 2057 minus
577 1995 737 2057 sententia
761 2016 820 2057 usu
843 1995 920 2058 trita
935 1993 1084 2059 habenda
1100 1999 1147 2058 est
1162 2018 1236 2078 pro-

56 2109 222 2174 uerbialis
268 2131 387 2193 magna
422 2114 492 2173 erat
526 2111 611 2174 enim
646 2111 855 2194 scriptoribus
890 2111 1061 2195 prouerbia
1091 2112 1236 2175 mutandi

20 2264 26 2271 -
55 2226 199 2303 licentia,
235 2228 270 2289 ut
304 2226 474 2290 uideantur
508 2249 747 2310 nonnumquam
783 2226 995 2312 elegantiores
1031 2225 1175 2291 homines
1202 2227 1235 2291 id

57 2343 163 2427 egisse
198 2341 342 2406 consulto
366 2345 413 2405 ‘ut
447 2364 510 2405 non
544 2346 610 2405 tam
634 2342 740 2425 ipsum
764 2343 967 2425 prouerbium
993 2342 1121 2426 aliquod
1145 2343 1235 2428 uulgi

55 2480 154 2541 quam
176 2457 368 2520 sententiam
392 2458 422 2520 ei
446 2458 624 2521 subiectam
647 2458 827 2522 redderent.
876 2462 918 2537 et,
942 2459 1092 2542 quoniam
1116 2480 1234 2543 magna

55 2552 131 2656 pars
156 2573 397 2655 prouerbiorum
421 2573 644 2657 antiquiorum,
669 2574 737 2637 siue
761 2575 795 2637 in
815 2574 925 2658 populi
942 2574 1141 2638 sermonibus
1157 2578 1233 2637 nata

56 2692 131 2752 sunt
165 2690 234 2752 siue
262 2691 389 2772 sumpta
412 2712 432 2752 a
453 2689 544 2754 libris
568 2692 746 2772 poetarum,
771 2688 921 2773 rhythmo
944 2694 992 2753 est
1016 2694 1111 2772 atque
1136 2689 1234 2754 etiam

20 2839 24 2847 ·
55 2808 160 2869 metro
182 2805 330 2887 quodam,
354 2841 395 2849 —
421 2805 603 2888 etquidem
628 2805 767 2869 maxime
791 2806 1012 2889 antiquissima
1028 2827 1174 2889 quaeque
1191 2841 1233 2850 -

56 2943 129 2985 eam
164 2922 205 2984 ob
239 2943 318 2998 rem,
353 2921 380 2984 si
415 2921 500 3004 quod
533 2921 738 3004 prouerbium
763 2921 908 3004 pluribus
931 2921 1032 2985 modis
1056 2921 1183 2999 dicitur,
1207 2921 1234 2986 si

56 3038 156 3100 etiam
179 3037 225 3100 ita
249 3039 284 3099 ut
307 3058 473 3100 numerose
497 3038 601 3116 cadat,
625 3037 652 3099 is
676 3038 788 3100 modus
812 3036 978 3102 habendus
1002 3042 1051 3101 est
1074 3038 1235 3120 antiquior

55 3157 155 3237 atque
179 3152 285 3216 uerior
308 3152 363 3235 qui
386 3174 553 3216 numerum
577 3156 695 3216 seruat.
742 3155 777 3216 ut
811 3151 899 3217 Sent.
928 3154 959 3217 4.
984 3153 1029 3216 sic
1058 3153 1234 3236 antiquitus

55 3269 178 3334 dictam
202 3289 270 3331 esse
296 3266 416 3353 ’Longe
440 3267 526 3352 fugit
550 3269 605 3352 qui
617 3269 689 3332 suos
701 3268 808 3353 fugis,
825 3271 861 3332 ut
877 3271 926 3332 est
942 3269 1027 3351 apud
1044 3268 1234 3345 Varronem,

52 3385 164 3470 potius
199 3383 445 3447 existimandum
474 3387 523 3446 est
546 3405 642 3467 quam
668 3383 790 3468 'Longe
813 3384 899 3468 fugit
922 3383 1065 3467 quisquis
1089 3407 1160 3449 suos
1184 3385 1235 3448 fu-

52 3487 128 3586 git',
153 3502 190 3563 ut
212 3498 390 3563 Petronius
437 3499 470 3562 in
495 3500 605 3563 eadem
630 3522 725 3564 causa
749 3503 822 3564 sunt
845 3498 932 3564 Sent.
959 3501 1000 3563 16
1025 3504 1058 3564 et
1082 3501 1134 3565 29.

166 3614 211 3678 Et
233 3614 407 3679 locutiones
432 3618 465 3678 et
488 3616 662 3680 sententias
683 3615 902 3699 prouerbiales
917 3616 1110 3680 cousuetudo
1126 3638 1235 3700 gram-

52 3731 248 3796 maticorum
282 3731 524 3813 prouerbiorum
559 3731 685 3794 nomine
721 3731 890 3814 complecti
925 3731 1015 3796 solet.
1070 3732 1236 3795 locutiones

53 3869 111 3913 eas
137 3845 208 3910 dico
232 3868 313 3929 quae
337 3846 473 3910 orationi
497 3847 637 3912 currenti
660 3847 848 3911 intexuntur
872 3847 911 3911 ad
939 3869 1007 3912 rem
1031 3850 1145 3932 argute
1168 3847 1235 3931 sig-

53 3962 263 4028 uificandam.
310 3965 345 4026 ut
369 3960 483 4027 Graeci
508 3957 600 4025 αὐλὸν
624 3961 767 4042 σάλπιγγι
791 3964 969 4045 συγκρίνεις,
994 3962 1103 4027 Latini
1128 3961 1235 4025 'etiam

52 4080 168 4145 mures
192 4078 393 4163 migrarunt',
419 4077 523 4162 'lupus
546 4078 580 4142 in
603 4077 734 4158 fabula',
748 4079 831 4161 quod
855 4101 874 4142 a
897 4100 1013 4164 graeco
1029 4078 1159 4142 ductum
1175 4080 1234 4156 est,

55 4194 102 4261 'in
140 4193 246 4278 scirpo
270 4194 387 4258 nodum
410 4192 559 4277 quaeris’,
585 4192 725 4259 'auribus
748 4196 843 4258 teneo
865 4191 998 4278 lupum',
1022 4193 1107 4276 quod
1130 4193 1235 4276 ipsum

55 4314 108 4376 est
145 4331 164 4374 a
199 4330 315 4396 graeco
341 4309 427 4374 fonte
452 4310 642 4393 profectum,
668 4307 775 4372 'habet
797 4307 877 4374 haec
901 4331 951 4373 res
974 4306 1112 4392 panem',
1138 4305 1237 4371 ’uenit
