2910 4778
548 346 750 394 nourvossvn.

58 865 104 924 30.
209 855 282 929 cIL
309 855 328 927 I
360 855 472 927 1098.
529 855 568 927 O·
590 853 745 926 vulve.
768 853 812 924 Τ·
834 853 876 924 F·
898 852 989 924 MAI
1003 847 1018 944 l
1033 851 1046 937 ,t
1062 847 1092 935 i·

663 977 853 1051 BASILIA
882 977 950 1051 sP·
973 977 1015 1049 F·
1038 977 1234 1051 POSILLA

62 1108 82 1149 ’¹‘
523 1103 649 1176 Homo
678 1104 777 1197 frugi
803 1106 922 1196 tuque
951 1101 1109 1196 optume

575 1217 717 1300 femine
744 1229 860 1301 selue.

63 1456 108 1509 31.
169 1443 243 1515 CIL
270 1442 323 1514 IX
353 1441 468 1514 2114.
524 1442 568 1513 Ρ·
591 1441 802 1514 CLODIVS·
825 1441 869 1513 P·
891 1441 933 1513 F·
957 1440 1056 1514 STE·

483 1657 487 1666 .
867 1566 989 1638 PIVS·
1011 1566 1117 1638 Lue-
1139 1566 1237 1638 xxc

523 1691 621 1762 Dum
650 1692 727 1762 uixi
754 1691 833 1762 uixi
861 1689 1050 1784 quomodo

523 1809 704 1889 condecet
732 1814 949 1910 ingenuom.

318 1937 421 2031 [idy
450 1941 542 2036 quod
569 1942 700 2012 cenredi
728 1948 758 2012 et
786 1939 1038 2012 corbitanum
1066 1964 1144 2011 meu
1173 1949 1235 2014 eet.

172 2219 230 2284 30.
278 2225 398 2284 Romae.
430 2257 470 2264 -
494 2224 628 2301 tuque]
653 2221 721 2283 Za:
743 2225 794 2283 ET
819 2226 872 2283 TV
896 2221 986 2303 lapis,
1011 2226 1091 2300 quod
1113 2225 1238 2283 uidetur

62 2315 148 2373 faber
181 2314 274 2384 rudis,
310 2315 362 2389 qui
396 2334 553 2372 numerum
581 2334 639 2373 non
663 2314 794 2384 sentiret,
819 2315 861 2372 ita
885 2315 1043 2390 scripsisse,
1069 2334 1135 2373 cum
1159 2314 1236 2372 enti·

63 2403 176 2480 quioris
201 2403 289 2478 elogii
311 2404 474 2462 uersiculos
498 2405 689 2480 neglegenter
712 2404 900 2462 exscriberet.

170 2504 229 2569 31.
275 2510 311 2568 In
335 2530 408 2585 egro
431 2511 653 2568 Beneuentano,
679 2541 720 2548 -
745 2510 889 2569 distichon
913 2510 1048 2568 italicum
1066 2509 1236 2585 insequitur

60 2599 206 2658 senarius.
242 2629 284 2638 -
311 2591 364 2676 id]
389 2600 497 2657 addidi.
545 2600 713 2658 condece
720 2601 734 2656 t
755 2600 902 2673 producte
925 2599 1032 2656 ultima
1056 2604 1235 2674 argumento

64 2692 110 2746 est
132 2688 163 2745 id
186 2688 331 2747 distichon
356 2707 417 2748 esse
441 2708 476 2746 ex
500 2688 668 2764 antiquiore
691 2689 781 2746 titulo
805 2689 995 2763 exscriptum.
1042 2688 1079 2746 ab
1103 2691 1236 2746 extremo

61 2777 158 2835 latere
194 2777 298 2836 dextro
332 2778 406 2853 lapis
442 2783 487 2837 est
509 2778 617 2837 leuiter
639 2779 746 2848 laesus,
771 2797 825 2837 neo
847 2778 877 2835 id
900 2782 1000 2835 tamen
1023 2777 1065 2835 ita
1089 2780 1124 2835 ut
1146 2777 1237 2835 lectio

61 2865 200 2925 carminis
225 2867 315 2925 dubia
339 2867 386 2925 sit.
