2910 4778
246 320 360 368 CXXXII
720 316 886 363 exclusus
906 316 940 362 11.

253 471 430 578 Vipsanas,
455 494 487 554 et
510 490 642 554 fortasse
666 486 713 552 lv
738 489 789 552 78.
815 489 834 551 8
859 467 1015 572 Sicanios·
1041 489 1195 554 simodo
1220 511 1304 553 uere
1327 489 1418 553 locum

246 632 319 673 eum
341 608 472 672 tradunt
495 606 579 685 libri,
603 604 889 682 Sclrneidewinus¹‚
915 603 1087 683 (tilbertus,
1111 607 1150 669 at
1175 604 1311 690 Sipcros
1331 603 1418 670 Seria

244 724 410 802 Schneidss,
439 722 712 787 Friedlaenderus
760 720 792 783 in
816 719 973 804 principio
996 719 1182 785 hexametri
1208 701 1320 785 Percidi
1334 719 1417 805 disyl-

245 841 354 905 labum
377 839 458 902 dixit
482 836 654 919 Pompilius
678 858 718 899 ex
741 836 959 899 emendatione
976 835 1181 900 Lachmanni
1198 858 1318 901 comm.
1335 836 1416 901 Lacr.

247 981 277 1040 p.
302 957 366 1021 306
390 954 557 1037 (pacuuius
581 953 690 1029 colet).
737 951 770 1014 in
794 952 880 1015 exitu
904 951 1083 1015 hexametri
1106 951 1252 1017 Ovidius
1277 956 1352 1017 met.
1365 950 1416 1016 XV

247 1073 310 1137 718
329 1051 472 1135 Actium.
518 1072 552 1132 at
573 1067 753 1152 Vergilium
779 1067 859 1131 Aen.
885 1065 900 1129 Ι
924 1070 943 1130 2
967 1068 1022 1130 uix
1046 1068 1248 1133 crediderim
1264 1069 1413 1153 scripsisse

246 1187 447 1270 Lucci-niaque
470 1188 502 1249 et
525 1206 588 1248 non
611 1183 808 1267 Lauinaque,
832 1184 1021 1267 praesertim
1045 1206 1117 1247 cum
1133 1184 1214 1249 libri
1233 1185 1411 1250 discordent.

247 1303 300 1366 ille
336 1306 442 1365 autem
477 1301 579 1364 exitus
614 1299 792 1362 hexametri
819 1300 874 1382 qui
898 1304 946 1362 est
969 1322 1019 1382 ap.
1044 1299 1234 1365 Martialem
1259 1299 1304 1365 II.
1328 1302 1410 1367 29.5

246 1419 274 1481 si
308 1418 476 1481 mutandus
501 1419 548 1480 est
574 1453 612 1462 —
638 1417 722 1499 quod
745 1419 838 1498 putat
861 1415 1020 1480 Lucienus
1044 1415 1184 1479 Mueller
1209 1417 1253 1480 de
1278 1440 1303 1481 r.
1327 1439 1366 1481 m.
1384 1439 1409 1499 p.

247 1536 322 1610 256,
358 1555 418 1618 ego
452 1533 592 1596 incertus
627 1555 696 1594 sum
728 1567 768 1575 —
800 1536 886 1595 certe
911 1532 1079 1595 dicendum
1101 1531 1298 1597 Marcellino
1320 1533 1409 1617 potius

246 1672 342 1732 quam
376 1649 579 1712 Marcellano
626 1670 662 1710 ac
696 1670 735 1710 ne
771 1648 853 1712 forte
889 1648 959 1730 quis
995 1648 1079 1711 dicat
1115 1646 1361 1713 ’'Marcellano'’
1382 1669 1409 1711 eo

247 1765 447 1847 comprobari
470 1764 553 1846 quod
577 1763 619 1826 sit
647 1764 731 1845 apud
755 1762 920 1827 Sidonium
946 1765 1037 1846 epist.
1062 1760 1077 1824 l
1103 1765 1155 1826 10.
1181 1765 1214 1829 6.
1239 1764 1333 1829 libris
1354 1768 1409 1827 tre·

248 1882 349 1945 ditum
374 1879 570 1943 ’'coniuratic
595 1878 879 1958 marcellana⁷'‚
897 1878 1135 1961 Luetjohannes
1154 1881 1186 1942 et
1202 1878 1409 1944 Mommsenus

248 2000 280 2060 et
303 1996 445 2060 scribunt
467 1994 755 2072 Marcelliana‚
781 1998 812 2057 et
831 1995 913 2076 quod
929 1995 1072 2058 scribunt
1088 1994 1276 2060 doctissime
1292 1999 1410 2061 tuentur

247 2113 296 2176 ed.
332 2109 438 2176 Sidon.
468 2132 499 2194 p.
524 2112 599 2175 430.
645 2110 700 2173 sed
723 2110 830 2173 nescio
854 2133 894 2173 an
918 2111 1001 2193 quod
1024 2110 1093 2174 loco
1115 2109 1171 2174 illo
1193 2109 1358 2177 Martialis
1377 2111 1409 2175 li·

248 2227 313 2292 bris
335 2226 489 2290 traditum
512 2229 560 2290 est
582 2205 792 2289 Marcelliano
816 2226 936 2309 pariter
955 2227 996 2290 sit
1012 2226 1178 2289 ferendum
1194 2249 1235 2291 ac
1251 2206 1410 2292 Nasiotas

246 2342 520 2427 quadrisyllabum
554 2363 604 2424 ap.
640 2341 809 2405 Horatium
844 2340 875 2405 S.
910 2338 943 2405 ll
978 2343 1007 2406 8.
1040 2344 1056 2404 l
1083 2345 1125 2420 et,
1149 2343 1237 2425 qnod
1262 2341 1409 2427 Corippus

246 2460 352 2523 dicere
368 2458 459 2533 solet,
481 2436 658 2520 Iustiniana
681 2456 952 2540 quadrisyllabum
976 2455 1042 2520 Ioh.
1067 2455 1084 2520 I
1109 2457 1149 2522 15
1174 2457 1313 2542 aliisque
1342 2457 1408 2523 locis

246 2578 289 2653 et,
328 2574 412 2657 quod
446 2564 530 2635 idem
565 2572 655 2651 dixit,
690 2552 880 2636 dilucidans
914 2570 982 2637 Ioh.
1006 2571 1054 2636 lV
1078 2574 1152 2638 505.
1199 2575 1302 2657 quid?
1336 2572 1408 2658 quod

247 2692 344 2754 etiam
368 2691 416 2752 est
430 2688 464 2751 in
480 2688 595 2752 iambis
607 2688 771 2752 titrdorum
784 2688 902 2753 anthol.
917 2687 941 2752 l.
955 2690 987 2751 8.
1005 2691 1024 2751 2
1042 2690 1088 2753 ed.
1105 2688 1226 2752 Buccis.
1246 2688 1407 2755 ''Urba'nus

246 2808 374 2889 praetor
409 2782 733 2868 Veldumnianus
767 2801 897 2868 Iunius’'
927 2807 959 2868 et
983 2804 1069 2868 anth.
1094 2802 1121 2869 Ι.
1147 2806 1199 2869 10.
1226 2805 1245 2868 9
1271 2805 1307 2869 Β
1330 2805 1408 2869 Mar·

246 2926 302 2985 cris
338 2919 493 2985 Caecilius
523 2896 780 2982 Donatianus
804 2917 977 2984 militans'.
1003 2956 1043 2963 —
1068 2919 1152 3003 quod
1176 2923 1286 2984 autem
1310 2920 1408 2985 afferri

246 3037 329 3101 solet
351 3035 442 3120 quasi
464 3034 667 3100 Lucilianum
689 3014 930 3097 Dicuccrclcclcm
954 3034 1191 3115 (Lachmannus
1215 3058 1331 3102 comm.
1352 3036 1408 3101 Lu·

246 3155 324 3216 oret.
348 3174 379 3235 p.
406 3153 469 3216 193
493 3150 665 3214 Gerasenos
689 3147 721 3213 Il
746 3151 809 3215 754
833 3150 911 3215 Luc.
934 3150 1108 3214 Muellerus
1131 3151 1152 3215 l.
1177 3173 1203 3215 c.
1230 3152 1322 3235 256),
1345 3175 1408 3218 eum

247 3289 375 3331 uersum
402 3268 447 3331 sie
474 3267 555 3350 legit
578 3265 808 3330 Thewrewkius
833 3267 871 3329 de
895 3264 998 3330 Ponor
1021 3266 1111 3330 Paul.
1134 3289 1166 3350 p.
1192 3267 1245 3332 88.
1271 3270 1290 3332 7
1318 3266 1407 3333 ”Inde

246 3382 531 3447 Dicarchitum
554 3382 686 3465 populos
709 3381 888 3464 Delumque
912 3382 1097 3446 minorem''.

353 3498 397 3562 Et
417 3497 510 3579 xhaec
533 3498 660 3581 quidem
684 3497 838 3561 hactenus
863 3498 901 3561 de
926 3498 1042 3562 cretico
1065 3498 1120 3581 qui
1143 3520 1220 3562 uoce
1245 3504 1303 3565 aut
1325 3503 1407 3585 parte

246 3614 334 3679 uocis
369 3616 493 3678 constat
525 3613 571 3677 ita
605 3613 773 3677 imminuta
807 3616 842 3677 ut
875 3614 980 3677 locum
1011 3616 1120 3678 teneat
1142 3614 1195 3678 uel
1218 3615 1343 3701 dactyli
1363 3614 1407 3681 uel

244 3729 388 3813 spondei.

353 3961 372 4042 ἓ
397 3962 425 4025 7.
472 3958 656 4025 Proximum
679 3963 785 4024 estut
808 3959 926 4024 mentio
949 3960 1006 4024 fiat
1022 3960 1131 4025 cretici
1147 3961 1247 4044 positi
1263 3984 1323 4047 pro
1339 3983 1406 4028 ane·

246 4079 374 4158 paesto:

245 4189 328 4256 Ded.
353 4192 384 4257 4.
405 4193 428 4256 .6
465 4191 680 4276 gondecorant
701 4191 877 4275 stipisume
923 4191 1080 4256 comuiuia
1102 4191 1266 4275 loidosque

242 4306 341 4391 Elog.
366 4309 396 4371 2.
422 4309 441 4372 3
465 4306 576 4390 quoius
598 4305 700 4371 farma
722 4306 853 4371 uirtutei
898 4305 1108 4390 parisumc's
1130 4305 1203 4371 fait.
