2910 4778
539 329 608 376 CAP.
627 330 684 376 VII.
704 321 720 388 ἕ
740 331 763 375 6.
1136 330 1238 377 uxxrss

61 501 346 568 61611186.
394 502 539 585 (166661
563 502 640 565 duas
664 502 803 586 syllabas
827 502 994 566 dicendum
1019 505 1076 582 est,
1104 525 1144 567 ne
1161 526 1234 569 uer-

63 642 116 683 sus
152 641 283 683 caesura
319 622 436 697 careat,
461 639 541 681 6666
565 618 618 680 lex
641 619 794 682 sermonis
818 618 964 695 uioletur‚
989 641 1062 682 nam
1088 622 1235 702 -quod

55 736 158 821 ¹docet
185 735 262 799 Luc.
288 734 462 799 Muellerus
486 734 524 797 dc
548 756 574 797 r.
599 755 640 796 m.
666 756 696 816 p.
722 735 785 798 266
811 768 852 779 —-
878 735 932 797 ”iu
956 733 1035 798 Gaio
1060 738 1092 798 et
1115 735 1236 801 Gaiano

61 850 207 915 uocalem
244 853 427 914 constanter
457 852 626 912 seruarunt
660 849 885 931 antiquiores’'.
930 842 1017 934 er'go
1042 851 1236 934 relinquitur

61 971 99 1030 ut
124 968 266 1031 dicamus
289 968 322 1029 in
346 966 401 1030 illo
436 966 562 1028 senario
603 944 693 1028 Uatis
716 986 773 1047 per
796 965 962 1048 synizesin.
1009 967 1185 1051 ambigitur
1207 970 1235 1032 is

61 1083 118 1165 qui
132 1083 261 1165 scripsit
273 1083 441 1166 prologum
458 1080 626 1144 Asinariae
643 1079 810 1143 Plautinae
827 1102 921 1143 ausus
937 1082 1019 1145 sitne
1035 1083 1081 1145 sic
1097 1085 1236 1148 scribere

59 1221 93 1262 u.
112 1200 151 1261 11
177 1197 407 1280 ”Demophilus
423 1198 560 1279 scripsit,
584 1175 765 1260 Maccius
788 1196 888 1259 uortit
911 1197 1078 1261 barbare''.
1103 1199 1231 1281 quodsi

59 1336 176 1377 uerum
189 1317 245 1392 est,
259 1314 341 1396 quod
358 1316 451 1396 putat
467 1303 635 1397 BergkiuS‚
653 1312 756 1395 primo
771 1312 832 1374 fuit
848 1311 974 1376 1166666.
1022 1317 1117 1396 atque
1132 1318 1179 1378 666
1193 1352 1234 1359 -

59 1452 257 1513 quamquam
293 1451 364 1492 raro
394 1429 430 1491 fit
460 1464 499 1473 -
526 1428 581 1491 ubi
605 1428 689 1510 apud
715 1428 822 1491 doctos
845 1430 956 1510 poetas
980 1430 1013 1492 et
1035 1429 1121 1512 ipsos
1145 1431 1236 1495 inue-

52 1546 134 1608 'nias
169 1545 257 1623 talia,
281 1545 336 1608 sed
371 1545 508 1607 maxime
543 1544 577 1606 in
613 1544 747 1626 dactylis
778 1545 1031 1626 anapaestisque.
1079 1546 1167 1609 uelut
1201 1548 1234 1610 in

60 1662 268 1744 anapaestico
304 1684 334 1725 u.
369 1660 502 1724 Plautus
537 1659 625 1723 Pers.
662 1661 723 1722 767
760 1639 936 1742 8696616616
972 1660 1034 1723 772
1061 1641 1234 1744 Pueynium
1365 1698 1368 1704 ·

61 1776 136 1840 066.
160 1775 216 1840 IV.
241 1778 272 1840 4.
297 1777 316 1838 9
341 1755 493 1860 Olympio,
519 1777 557 1839 de
582 1797 644 1858 quo
668 1796 761 1838 uersu
785 1772 852 1838 Leo
874 1797 916 1837 m.
941 1775 989 1839 rh.
1002 1775 1059 1840 XL
1082 1778 1154 1840 175.
1179 1779 1234 1841 sed

59 1914 104 1956 ne
140 1892 174 1954 in
208 1891 376 1955 trochaicis
412 1892 539 1974 quidem
575 1891 718 1954 uersibus
754 1912 792 1953 ea
825 1890 955 1954 licentia
986 1893 1079 1980 credo
1106 1894 1234 1958 omnino

60 2008 255 2072 abstinuisse
290 2007 449 2071 Plautum.
496 2008 550 2090 qui
585 2006 712 2090 quidem
740 2007 877 2089 scripsit,
901 2007 929 2070 si
951 2005 1042 2071 libris
1066 2008 1233 2083 credimus,

61 2123 158 2206 Capt.
194 2124 256 2188 558
294 2103 463 2206 ’'Hegio‚
499 2123 535 2185 fit
570 2121 657 2202 (Ba
680 2124 722 2186 sit
744 2122 795 2186 E:
818 2124 863 2186 sic
887 2123 960 2201 ΡΖ)
984 2125 1067 2207 quod
1089 2126 1151 2189 tibi
1175 2148 1235 2211 ego

61 2240 132 2302 dixi
169 2276 208 2283 -
244 2239 352 2323 gliscit
379 2239 501 2303 rabies:
539 2241 615 2302 caue
639 2239 732 2302 tibi''.
779 2239 834 2302 sed
858 2239 922 2320 tibi,
947 2240 1030 2322 quod
1054 2241 1135 2304 uidit
1158 2242 1233 2322 Leo,

61 2356 90 2418 si
116 2357 165 2418 666
187 2355 447 2439 monosyllabum,
471 2354 570 2438 Hepio
594 2355 655 2418 erit
676 2354 887 2438 trisyllabum.
936 2358 969 2418 at
991 2355 1071 2419 nihil
1088 2359 1234 2441 estquod

62 2493 217 2534 uexemus
240 2472 339 2535 uerba
362 2469 468 2535 Porcii
491 2470 596 2534 Licini
620 2493 701 2553 quae
724 2471 843 2534 tradita
866 2472 939 2533 sunt
963 2493 981 2534 a
1005 2469 1153 2536 Suetonio
1176 2474 1233 2536 uit.

63 2584 138 2650 Ter.
175 2588 227 2649 28.
263 2586 479 2650 4R=29a
504 2587 545 2648 24
569 2585 650 2648 Roth
674 2584 751 2649 ”Nil
775 2585 906 2650 Publius
924 2566 1092 2669 11861616
1115 2588 1235 2670 profuit

63 2702 111 2765 nil
146 2702 195 2764 illi
217 2702 356 2779 Laelius,
380 2702 426 2765 nil
449 2701 597 2778 Furius'';
622 2723 703 2784 quae
727 2702 827 2765 uerba
851 2702 1003 2785 adscripsi
1029 2703 1067 2765 ad
1092 2702 1173 2787 elog.
1202 2705 1236 2768 4.

65 2819 84 2882 6
109 2839 141 2900 p.
168 2819 219 2881 62.
265 2818 405 2901 itemque
429 2817 561 2880 Plautus
585 2815 703 2881 Bacch.
729 2819 792 2881 953
816 2797 895 2881 1116
917 2817 980 2880 tria
1003 2818 1101 2881 fuisse
1126 2819 1235 2883 audiui

63 2934 133 2996 faita
166 2955 246 3015 quae
269 2933 317 2996 illi
341 2933 445 2996 ibrent
469 2934 598 2996 exitio”.
624 2970 664 2976 —
688 2932 747 2996 hoc
772 2933 872 3017 igitur
894 2932 1026 2996 Plautus
1050 2936 1082 2996 et
1104 2933 1235 2997 Porcius

64 3070 128 3120 non
164 3052 356 3132 usurparunt
389 3050 451 3112 nisi
486 3049 517 3113 in
556 3048 712 3130 principio
747 3069 857 3112 uersus
880 3047 1045 3112 trochaici.
1091 3047 1237 3113 Naeuius

64 3168 174 3228 autem
209 3186 260 3247 ap.
294 3164 435 3230 Macrob.
472 3163 503 3229 S.
539 3162 589 3227 111
626 3165 676 3227 18.
708 3166 794 3228 6=
818 3185 896 3228 com.
921 3165 960 3227 21
987 3163 1017 3226 R
1045 3163 1143 3240 ”Quis
1165 3164 1235 3229 heri

64 3281 152 3364 apud
175 3283 229 3343 te‘?
266 3279 475 3344 ’Praenestini
510 3283 543 3342 et
566 3259 703 3343 Lanuini
725 3279 900 3362 hospites''.
945 3279 969 3342 ii
993 3283 1099 3344 autem
1122 3285 1238 3364 poetae

63 3418 201 3480 quorum
224 3399 311 3459 aetas
334 3397 502 3459 interiecta
526 3399 575 3458 est
596 3396 680 3458 inter
702 3395 938 3478 antiquissimos
955 3398 987 3458 et
1002 3397 1236 3462 recentissimos

16 3502 19 3509 ¹
62 3511 148 3576 nihil
181 3512 257 3591 tale,
292 3513 375 3594 quod
398 3512 506 3590 sciam,
531 3511 600 3574 ausi
623 3511 752 3574 suntin
775 3511 889 3574 iambis
913 3511 1158 3577 auttrochaeis.
1205 3516 1237 3576 at

62 3627 226 3693 Ausonius
261 3627 387 3710 scripsit
421 3627 512 3710 epist.
548 3624 622 3691 Xll.
659 3628 700 3690 86
735 3649 766 3709 p.
803 3628 866 3689 242
903 3626 935 3689 Ρ
956 3606 1133 3691 ”Siluios
1158 3625 1236 3690 16116

61 3745 227 3808 nriscuit''.

175 3855 243 3921 lam
266 3880 343 3922 uero
367 3859 515 3942 dactylici
538 3861 661 3941 poetae,
686 3880 758 3921 cum
780 3880 853 3923 raro
872 3860 1037 3922 uterentur
1053 3880 1090 3921 eo
1107 3879 1236 3941 genere,

59 3981 135 4042 tum
170 3974 271 4037 multo
305 3974 432 4057 saepius
464 3975 509 4038 ita
534 3975 681 4038 dixerunt
703 3974 833 4037 nomina
854 3974 983 4058 propria
1006 3995 1100 4056 quam
1124 3972 1237 4055 appel·

59 4091 179 4158 latina.
225 4090 309 4172 quod
345 4112 381 4153 66
416 4090 519 4174 magis
554 4089 760 4174 intellegetur
794 4089 877 4151 siin
900 4089 1083 4152 uniuersum
1106 4091 1239 4171 reputa-

60 4206 153 4273 ueris
177 4205 374 4288 appellatiua
395 4204 491 4290 longe
517 4205 610 4288 plura
634 4208 666 4268 66
688 4205 905 4288 frequentiora
929 4225 996 4268 6666
1019 4203 1155 4286 propriis
1179 4225 1236 4267 no·

59 4321 217 4389 minibus.
264 4320 298 4383 in
330 4320 434 4403 priore
456 4321 557 4405 igitur
580 4324 671 4404 parte
694 4321 872 4386 hexametri
896 4319 1052 4384 Martialis
1076 4315 1096 4381 I·
1117 4319 1238 4386 10&ss
