2910 4778
504 331 786 380 CONPRECATIONES.

381 485 417 557 4.
473 484 648 573 Versus
675 485 914 558 Iunonius.

325 662 438 744 Lucii'a
466 660 681 744 Volumina.

313 888 347 957 5.
404 884 584 958 Versus
612 886 826 958 incertae
854 885 990 958 sedis.
1206 896 1231 948 5.

210 1073 267 1144 ru*
322 1073 507 1167 pennatus
535 1073 775 1166 Impennatas
876 1073 993 1166 agnas
1021 1098 1056 1137 ,ν-
1074 1095 1109 1137 v
1128 1098 1162 1137 J.
1182 1098 1216 1136 a

168 1252 209 1296 15.
222 1231 275 1304 b*
330 1233 484 1305 atttanr'rs
512 1232 700 1305 tintInnat

166 1504 199 1569 5.
224 1520 253 1576 4,
297 1509 334 1568 V.
370 1509 453 1568 Iun.
499 1509 620 1568 Varro
655 1509 690 1567 de
726 1509 747 1567 1.
781 1509 802 1566 I.
826 1508 869 1567 IX
893 1509 908 1578 ἓ
933 1507 985 1567 61.
1011 1538 1051 1547 -
1078 1507 1233 1567 ”uidemus

54 1600 137 1658 enim
171 1599 300 1657 Maniam
334 1602 462 1657 matrem
496 1597 608 1656 Larum
633 1597 699 1666 dici,
724 1597 878 1656 Luciam
902 1596 1141 1678 Vciuminam
1166 1591 1235 1669 (H:

56 1688 256 1748 Volanriniam
293 1681 335 1754 F)
370 1687 517 1746 Saliorum
553 1686 732 1746 carminibus
764 1686 940 1762 appellari”.
987 1685 1233 1761 Augustinus

56 1778 92 1837 Ο.
124 1777 161 1834 D.
187 1776 230 1833 IV
256 1777 294 1835 21
323 1777 416 1852 ”quid
439 1795 513 1852 opus
538 1785 603 1834 erat
625 1775 862 1852 parturientibus
885 1775 1025 1834 inuocare
1049 1774 1233 1834 Lucinam

59 1897 101 1905 —
128 1865 199 1941 quid
224 1884 340 1924 necesse
363 1869 428 1924 erat
452 1895 492 1905 -
518 1866 723 1925 commendare
748 1868 899 1923 nascentes
925 1893 966 1903 --
992 1864 1062 1922 deae
1078 1864 1233 1922 Volum-

55 1958 162 2014 nae”.
187 1985 227 1993 —-
252 1954 390 2014 Fortasse
413 1954 509 2030 primo
533 1954 612 2015 dicta
636 1948 805 2012 Vblbmbna
828 1946 1045 2029 (Volumenu).

168 2038 203 2103 5.
227 2053 283 2106 5a.
328 2043 402 2102 Inc.
438 2045 510 2102 scd.
545 2063 576 2102 u.
612 2059 641 2100 α.
677 2042 822 2101 Paulus
856 2063 887 2118 p.
924 2041 986 2099 211
1011 2035 1126 2117 M'’p.
1151 2040 1233 2117 imp.

55 2153 134 2211 que
166 2153 194 2190 a.
229 2133 259 2190 in
294 2133 422 2191 carmine
456 2131 563 2191 Saliari
596 2132 691 2208 spicas
726 2131 872 2208 significat
895 2150 963 2191 cum
986 2130 1083 2190 arIstis
1107 2133 1138 2188 ct
1161 2131 1233 2190 alias

57 2223 123 2281 sine
146 2222 275 2281 aristis’'.

167 2305 201 2371 5.
226 2319 281 2372 5b.
325 2310 472 2370 Nonius
499 2330 529 2386 p.
554 2309 607 2369 40.
634 2310 672 2368 12
699 2310 883 2369 ’Tintiunire’
909 2309 1018 2368 dicitur
1042 2312 1165 2369 ’sonare’
1194 2340 1228 2351 —-

59 2429 103 2440 -·
138 2398 322 2476 Nigidius
357 2400 378 2458 l.
412 2399 515 2457 XVIII
550 2397 633 2475 (Nig.
668 2399 705 2457 sr.
739 2399 782 2457 IX
805 2393 918 2476 Sicob.)
944 2399 1065 2473 ”itaque
1089 2417 1125 2455 ex
1147 2416 1179 2455 re
1203 2398 1233 2455 in

56 2488 298 2558 Saliaribus3
332 2508 364 2547 u.
398 2491 456 2547 c.”.
501 2487 549 2547 Ad
583 2489 604 2547 I.
630 2489 665 2546 de
690 2488 744 2546 diis
768 2487 880 2561 Nigidii
903 2487 1087 2546 rettulerunt
1109 2487 1188 2545 hunc
1210 2487 1231 2545 I.

55 2577 235 2654 Rutgersius
267 2577 385 2653 aliique,
411 2577 491 2639 adl.
516 2596 622 2636 comm.
645 2577 919 2653 grammaticorum,
945 2576 1025 2651 quod
1048 2575 1232 2651 probabilius

55 2672 113 2738 est,
138 2666 324 2726 RIccobonus
347 2665 447 2744 Ngger
470 2665 625 2725 Swoboda.
651 2695 691 2705 -
717 2666 751 2724 In
775 2664 993 2724 Saliaribus
1013 2659 1081 2722 scil.
1098 2664 1233 2723 carmi-

56 2756 188 2826 nibus3
212 2775 244 2814 u.
268 2755 465 2814 Baehrensius
488 2774 558 2815 nou.
583 2775 650 2813 ann.
673 2754 773 2813 Fleck.
791 2775 819 2815 a.
838 2753 920 2812 1887
937 2774 967 2829 p.
987 2752 1026 2811 70
1043 2772 1087 2828 sq.
1108 2756 1138 2811 et
1154 2752 1232 2812 Swo·

52 2843 136 2904 boda
159 2843 272 2920 Nigidii
296 2845 360 2903 rell.
383 2865 414 2920 p.
441 2843 490 2914 16,
516 2844 564 2904 cui
587 2862 665 2902 nunc
689 2843 843 2902 assentior.
871 2873 909 2882 -
935 2846 1055 2901 attanus
1080 2835 1229 2900 Swobodu

56 2930 80 2994 I.
105 2949 130 2992 c.
148 2950 184 3012 p.
211 2932 252 2992 15
274 2949 318 3013 aq.
345 2929 414 2992 coil.
435 2929 546 3012 plessis
561 2927 764 3012 quibusdum:
779 2937 905 3008 aptanus
924 2925 984 3006 Hi,
1002 2931 1128 2989 adtanus
1145 2925 1231 2988 codd.

52 3016 139 3099 rell„
163 3023 280 3081 altanus
304 3017 371 3080 ertu.
397 3024 468 3081 ante
491 3015 551 3098 M„
576 3021 709 3080 Albanus
733 3014 873 3099 Lipsius,
900 3051 940 3061 -
956 3020 1067 3079 Versus
1087 3018 1228 3089 11-13,

61 3110 103 3170 15
128 3116 231 3170 utrum
255 3111 439 3170 hemistichia
463 3131 501 3168 an
524 3130 577 3187 per
600 3129 630 3169 se
653 3128 758 3169 uersus
781 3109 893 3169 fuerint
916 3109 1040 3168 dubium
1064 3113 1118 3168 cst.
