2910 4778
719 280 912 350 'causan
1016 342 1020 350 .

400 475 553 540 dabunt
576 475 721 539 malum
746 476 863 540 multi
971 473 1097 541 Naeuio
1118 480 1246 561 poetae3

399 591 603 656 dabuntur
626 591 821 676 permulti
928 588 1053 656 Naeuio
1075 595 1199 676 poetae.

237 706 272 771 in
297 707 472 791 posteriore
497 709 601 770 autern
627 705 828 771 hemistichio
852 707 897 772 sio
920 707 1080 773 uariatur:

402 821 523 886 dabunt
546 823 665 886 mallim
688 823 813 887 Metelli
920 821 1078 887 Naeuio
1093 825 1196 902 uaiti;

401 937 522 1002 dabunt
545 938 665 1002 malum
688 937 811 1003 Metelli
920 937 1054 1004 Gnaeo
1078 940 1256 1024 gerroni.

239 1054 267 1117 si
302 1053 472 1117 secundam
508 1053 594 1117 arsin
625 1053 819 1118 hemistichii
843 1055 1012 1138 insequens
1036 1055 1135 1119 thesis
1159 1077 1333 1140 suppressa
1359 1059 1416 1132 est,

242 1166 375 1244 '’verses''
411 1169 551 1233 secunda
585 1172 617 1232 et
651 1171 747 1233 tertia
774 1170 820 1233 ita
844 1171 1037 1235 collocantur
1059 1175 1095 1235 ut
1117 1171 1151 1234 in
1173 1171 1224 1235 his
1247 1171 1417 1254 exemplis,

240 1287 276 1349 ut
311 1288 381 1348 aut
404 1284 512 1348 binis
537 1285 576 1347 in
600 1285 739 1349 uerbis
763 1285 827 1348 siut
850 1285 1008 1370 contiguis
1031 1290 1100 1349 aut
1122 1286 1162 1350 in
1186 1289 1416 1371 antepaen-

239 1399 389 1463 ultima
413 1403 452 1463 et
474 1399 726 1483 paenultima
750 1400 900 1466 eiusdem.

347 1514 464 1579 Rarius
498 1515 535 1578 fit
569 1515 602 1579 in
630 1517 782 1581 ambobus
805 1515 1027 1595 hemistichiis,
1051 1521 1086 1581 ut
1111 1515 1254 1581 ’'thesis''
1280 1517 1418 1583 interior

240 1640 468 1724 supprimatur.
515 1640 604 1703 cuius
635 1640 682 1704 rei
706 1641 849 1724 exempla
872 1644 947 1704 sunt
969 1641 1065 1707 haee:
1091 1642 1174 1726 elog.
1199 1644 1228 1706 2.
1254 1606 1417 1726 3111107111

244 1756 346 1820 forma
380 1755 514 1820 uirtutei
581 1757 744 1840 parisumai
778 1757 849 1821 fuit.
896 1756 967 1821 Liu.
1004 1759 1056 1823 20.
1095 1756 1198 1822 Nasu.
1229 1759 1297 1836 403
1327 1760 1359 1823 7.
1384 1760 1416 1824 2.

239 1870 322 1936 Ded.
347 1873 376 1935 5.
402 1874 438 1949 53
465 1872 494 1935 6.
520 1871 550 1934 5.

299 2049 333 2115 2.
379 2048 512 2132 bl-b1)
537 2047 626 2116 dant
648 2048 783 2116 malum
806 2049 944 2118 Metelli
1052 2048 1189 2118 Naeuio
1213 2049 1357 2137 poetae.

347 2164 441 2250 Elog.
477 2166 508 2230 2.
544 2166 580 2243 6;
616 2167 647 2229 3.
684 2169 720 2244 3;
756 2167 788 2231 4.
825 2168 861 2244 7;
886 2167 916 2230 5.
942 2168 977 2245 6;
1003 2168 1031 2231 6.
1058 2169 1087 2246 6,
1113 2166 1150 2245 73
1177 2168 1228 2232 10.
1252 2202 1293 2212 -
1320 2166 1417 2233 Gom-

239 2302 328 2364 preo.
370 2282 398 2344 7.
437 2281 471 2357 l;
507 2282 537 2345 8.
573 2281 610 2359 4;
649 2283 699 2345 14.
736 2281 786 2361 *1,
822 2283 852 2344 2.
889 2283 930 2326 ’-
967 2281 1047 2346 Ded.
1087 2283 1114 2346 1.
1152 2318 1192 2327 -
1229 2280 1315 2346 Sent.
1356 2284 1416 2362 663

241 2397 316 2479 67;Ι
343 2397 395 2462 68.
433 2432 472 2442 -κ
508 2396 580 2462 Liu.
615 2398 651 2475 43
689 2399 725 2475 6;
763 2401 799 2475 9;
837 2400 892 2476 13;
931 2399 988 2476 14;
1014 2400 1066 2464 23.
1093 2399 1122 2476 1,
1147 2400 1183 2476 3;
1209 2399 1265 2478 26,
1291 2399 1345 2464 28.
1364 2413 1417 2445 ’-

239 2510 343 2577 Naeu.
381 2515 411 2576 2.
449 2514 478 2592 l,
514 2514 551 2591 33
590 2516 620 2578 3.
657 2516 691 2590 33
729 2515 779 2577 10.
818 2515 846 2589 1,
883 2516 917 2591 3;
953 2513 1025 2577 *16
1052 2516 1081 2578 l.
1108 2552 1148 2561 -
1173 2510 1284 2599 Epigr.
1307 2512 1418 2580 Naeu.

241 2633 273 2695 3.
321 2627 440 2693 Versus
464 2628 599 2714 triginta
623 2629 700 2693 fere.

348 2745 397 2808 De
423 2767 459 2809 eo
482 2766 600 2829 genere
625 2744 757 2826 exposui
781 2767 952 2809 excursu
976 2745 1124 2829 priore.

352 2858 391 2923 ln
425 2859 484 2923 hoc
509 2859 750 2944 genere‘thesis
774 2860 907 2924 interior
929 2861 981 2924 uel
1003 2861 1119 2944 prioris
1143 2859 1339 2924 hemistichii
1362 2863 1421 2951 uel

244 2977 434 3059 posterioris
466 2978 538 3059 post
572 2977 788 3040 secundam
819 2976 930 3039 arsin
955 2998 991 3040 eo
1014 2977 1236 3060 modopotest
1259 2978 1422 3061 supprimi

247 3113 342 3175 quem
367 3092 514 3155 uidimus,
561 3092 595 3155 in
618 3092 723 3175 priore
746 3091 949 3156 hemistichio
972 3093 1105 3156 duorum
1129 3115 1295 3158 uersuum:

244 3207 327 3292 elog.
352 3208 383 3270 4.
410 3208 439 3272 7.
471 3206 592 3273 Publi
614 3209 858 3292 prognatum
965 3207 1079 3272 Publio
1103 3207 1230 3272 Corneli

240 3325 320 3387 sent.
347 3323 399 3386 67.
468 3321 544 3398 Qui
566 3324 692 3388 semel
714 3328 857 3388 scurra
963 3328 1136 3407 numquam
1160 3326 1253 3407 pater

1036 3439 1191 3525 familias3

240 3554 274 3617 in
296 3553 472 3638 posteriore
496 3557 604 3617 autem
628 3552 829 3618 hemistichio
852 3556 975 3637 septem
999 3576 1165 3618 uersuum:

239 3667 343 3733 Naeu.
359 3671 411 3733 10.
426 3671 457 3734 3.
480 3667 609 3732 Runeus
634 3670 671 3732 sio
694 3667 875 3753 Porpureus
983 3669 1072 3733 filii
1094 3668 1251 3734 Terras,

241 3782 327 3849 Sent.
364 3785 419 3861 663
457 3786 516 3862 683
552 3819 591 3829 -
616 3784 688 3850 Liu.
712 3785 784 3849 *26
809 3821 850 3829 -
874 3783 978 3850 Naeu.
1004 3788 1034 3850 2.
1059 3789 1093 3864 3;
1119 3789 1148 3851 3.
1174 3789 1210 3852 3:
1238 3787 1288 3850 16.
1314 3822 1357 3831 —-
1382 3787 1418 3853 in

241 3901 394 3966 ambobus
428 3898 638 3964 hemistichiis
673 3899 743 3964 Liu.
780 3903 810 3965 9.
846 3937 885 3945 —
909 3908 980 3985 post
1003 3902 1140 3986 primam
1163 3902 1249 3966 arsin
1273 3904 1415 3985 posteri-

242 4016 305 4080 oris
330 4015 384 4080 Co.
412 4017 463 4080 14.
489 4017 539 4081 *2.

354 4276 376 4353 l)
400 4280 478 4351 Quia
501 4301 551 4341 eae
574 4282 691 4341 litterae
714 4282 880 4358 significent
903 4282 1037 4358 proximo
1060 4283 1156 4359 capite
1179 4282 1358 4344 uidebimus.
