2910 4778
541 311 611 358 car.
628 311 673 387 11.
694 303 709 370 5
728 311 754 358 4.
1141 311 1235 359 nxvrr

61 485 156 549 dein
195 484 308 568 scripsi
341 506 381 547 ne
417 483 561 548 ultimam
600 484 728 548 breuem
762 483 829 547 ictu
862 482 976 548 uitiose
1011 483 1234 565 distenderem,

60 601 160 664 ceteri
186 601 253 664 fere
277 599 339 663 sic:
366 599 568 663 ''deinde''.
594 635 634 644 —-
661 634 702 643 —

167 716 211 779 Et
235 737 274 778 ex
308 715 359 778 his
393 715 522 798 quidem
557 715 709 798 exemplis
732 713 876 779 Liuianis
900 718 932 778 et
954 712 1137 796 Naeuianis,
1162 737 1234 780 cum

60 832 132 896 aliis
166 831 267 896 maior
301 830 373 894 aliis
401 830 502 894 minor
525 830 603 894 fides
626 831 678 910 sit,
702 830 867 894 tamenin
889 831 1073 895 uniuersum
1097 831 1234 896 efficitur

59 952 95 1012 ut
118 969 183 1011 non
206 947 322 1011 debeat
345 946 485 1010 dubitari
509 944 586 1030 quin
610 949 642 1010 et
665 945 776 1010 Liuius
800 944 1001 1010 Andronicus
1026 945 1232 1012 616111111-

58 1064 130 1128 uius
154 1063 312 1127 saturnios
336 1062 502 1126 nonnullos
525 1062 593 1125 sine
617 1063 763 1127 anacrusi
786 1063 965 1147 panxerint.

168 1285 186 1368 ἓ
210 1288 241 1350 4.
288 1284 430 1349 Transeo
451 1285 551 1370 igitur
575 1285 615 1348 ad
639 1289 755 1349 cetera.

167 1401 419 1486 Epigrammatis
453 1399 613 1465 Naeuiani
641 1423 670 1465 u.
696 1403 716 1479 3
739 1403 785 1485 (p.
812 1400 888 1483 115)
915 1403 961 1466 sic
985 1423 1053 1465 esse
1077 1401 1231 1466 scanden-

57 1519 135 1582 dum
159 1518 227 1582 sine
251 1519 397 1581 anacrusi

23 1688 28 1704 .
220 1612 366 1716 itaque
390 1634 588 1716 postquamst
612 1611 689 1696 Orci
734 1632 871 1696 traditus
894 1631 1045 1698 thesauro

59 1750 154 1815 docui
177 1749 300 1834 proleg.
324 1747 402 1832 Cap.
425 1746 476 1812 111
498 1770 529 1832 p.
553 1744 663 1812 XXXI
686 1769 732 1831 sq.
779 1747 820 1811 cf.
846 1748 943 1812 etiam
967 1748 1039 1813 adn.
1063 1748 1218 1813 criticam.

166 1890 205 1955 In
227 1891 508 1974 precationum
533 1891 678 1955 uersibus
702 1888 824 1975 primus
846 1889 941 1954 huius
964 1891 1092 1973 generis
1117 1896 1165 1956 est

58 2007 190 2092 Compr.
215 2008 245 2072 7.
272 2010 300 2070 1.
329 2005 372 2072 Si
394 2008 506 2091 prior
530 2007 688 2072 defexit
732 2006 862 2091 publico
884 2007 1016 2072 consilio
1039 2013 1084 2092 (p.
1108 2008 1176 2090 33).

60 2145 257 2208 quamquam
280 2123 344 2187 illis
368 2123 564 2207 temporibus
589 2144 661 2187 cum
684 2123 882 2206 paenultima
904 2122 991 2188 illius
1014 2123 1129 2206 prior
1152 2146 1232 2189 non·

58 2241 137 2303 dum
161 2238 267 2303 breuis
290 2239 352 2303 fuit
374 2239 419 2302 sic
444 2239 506 2303 dici
529 2239 633 2323 potuit
656 2239 708 2303 uel
733 2239 865 2304 debuit:

380 2352 415 2419 Si
437 2359 550 2438 prior
574 2354 693 2419 defexit
737 2377 768 2438 p.
794 2375 821 2418 c.

166 2494 219 2561 Illi
242 2518 318 2562 uero
341 2497 397 2580 qui
419 2497 558 2581 priorem
581 2499 708 2581 partem
731 2497 873 2563 efficiunt
894 2497 1088 2580 precationis
1112 2496 1229 2561 Deoia·

53 2636 130 2694 nae,
167 2612 332 2697 Compreo.
368 2615 398 2678 8.
435 2614 532 2692 1-5‚
567 2613 698 2678 maioris
732 2613 885 2678 momenti
920 2617 994 2678 sunt
1028 2612 1067 2677 ad
1091 2613 1123 2677 id
1146 2613 1230 2697 quod

53 2729 251 2814 quaerimus.

220 2840 295 2909 Iane
324 2840 470 2928 Iuppiter
514 2844 642 2909 Mauors
666 2846 757 2927 pate‘r
780 2843 911 2920 Quirine

219 2960 391 3025 Bellona
415 2960 539 3025 Lases
584 2959 837 3044 Nouensilesque
862 2961 928 3025 diui

221 3075 272 3140 Di
278 3077 339 3141 uia
362 3073 526 3163 Indigetes
572 3077 640 3141 diui
662 3080 827 3160 quorumst
849 3079 991 3161 potestas

171 3182 176 3192 ’
222 3193 448 3257 nostrorum
471 3192 730 3276 hostiumque
780 3191 885 3256 Tellus
909 3192 1004 3275 dique
1027 3191 1140 3256 Manes

220 3310 288 3372 uos
312 3309 452 3391 precor
474 3310 650 3372 ueneror
694 3307 822 3373 ueniam
844 3308 920 3392 peto
942 3307 1083 3392 feroque.

54 3425 80 3489 ii
117 3446 229 3488 uersus
265 3424 325 3488 etsi
355 3446 417 3488 non
440 3446 548 3489 omnes
571 3424 642 3508 pari
665 3427 739 3488 sunt
760 3423 909 3489 lectionis
931 3423 1005 3503 fide,
1028 3427 1137 3488 tamen
1160 3423 1231 3487 uni-
1294 3458 1296 3463 ,

54 3540 146 3606 uersi
173 3561 213 3604 ex
236 3540 347 3604 eodem
370 3561 488 3625 genere
513 3561 581 3604 esse
605 3539 817 3623 reperiuntur.
864 3539 920 3623 qui
941 3562 1006 3604 non
1029 3539 1161 3604 dubium
1183 3542 1232 3603 est

54 3657 138 3742 quin
162 3658 194 3721 et
215 3659 317 3720 metro
341 3655 458 3720 conditi
482 3656 546 3719 sint
570 3659 602 3719 et
625 3655 771 3720 anacrusi
794 3657 933 3719 careant.

167 3796 410 3865 Sententiae
433 3799 575 3862 saturnio
598 3821 730 3864 numero
754 3798 815 3863 hae
839 3801 949 3863 carent
972 3819 1124 3863 anacruse

58 3941 150 4008 Sent.
175 3942 216 4006 66
262 3939 433 4005 Tamdiu
456 3940 736 4005 discendumst
780 3940 932 4024 quimdiri
955 3939 1048 4004 uiuis.

99 4109 111 4138 ‚,
177 4057 218 4121 67
265 4054 341 4130 Qui
362 4057 487 4121 seme‘l
510 4060 653 4120 scurra
697 4059 871 4139 numquam
894 4055 987 4139 priter
1009 4054 1159 4120 familias.

97 4224 111 4255 ‚,
177 4174 218 4238 68
264 4173 391 4237 Diues
415 4175 483 4237 aut
506 4173 672 4256 iniquus
718 4173 772 4237 a‘ut
794 4171 897 4256 iniqui
919 4170 1024 4236 heres.
