2910 4778
501 337 525 385 C·
555 336 779 386 saulaumonis.
835 368 842 382 .

369 946 536 1027 Dedicatio
566 946 599 1024 L.
628 946 785 1024 Mummii.
817 993 864 1002 -

316 1074 545 1137 circituram.
570 1093 595 1135 c.
618 1070 735 1134 DCIX
756 1107 796 1116 -
821 1068 960 1135 DCXX.

385 1273 633 1346 L·=MVMMI·
653 1272 697 1345 L·
718 1271 762 1343 F·
785 1271 882 1344 OOS·

327 1407 481 1497 Duct(u)
510 1408 673 1501 auspicio
701 1403 937 1499 imperioque

326 1533 405 1606 aius
432 1532 574 1605 Achaia
601 1530 703 1624 capt(
729 1531 757 1618 ).

326 1658 479 1730 Cocinto
509 1655 636 1729 dolato

325 1782 484 1854 Romaim
515 1779 651 1855 rodicii
679 1779 931 1873 triumphans.

328 1906 494 1979 Obhasca
522 1905 582 1981 ros
611 1908 706 1979 banc
735 1903 873 1999 gastau,

328 2032 425 2125 quod
454 2023 617 2105 uouerat,
642 2033 681 2102 iu
710 2029 829 2104 ballo:

327 2218 424 2290 hanc
453 2219 585 2291 aedem
615 2223 654 2291 cu
682 2221 790 2312 signu

328 2341 500 2415 Harcuiis
528 2341 691 2415 Victoris

328 2468 538 2560 imperator
567 2467 726 2539 dodicai.

147 2748 202 2823 ,7.
250 2752 312 2811 CIL
347 2754 391 2811 VI
428 2753 507 2824 331;
543 2752 885 2823 1541;PLM.n1i.
915 2787 948 2793 --
977 2751 1091 2808 Tabula
1114 2749 1226 2807 Romae

59 2847 181 2920 reperta
211 2842 241 2899 in
265 2846 364 2900 monia
389 2841 486 2901 Caelio
511 2863 527 2900 a
555 2843 653 2912 17863
678 2861 711 2899 ea
734 2842 838 2900 tabula
861 2840 966 2916 lapidis
990 2838 1127 2898 tiburtini
1151 2857 1229 2896 nunc

60 2937 108 2991 cst
130 2933 160 2990 in
184 2949 286 2989 museo
308 2931 457 2989 uaticano.
486 2966 520 2973 -
547 2931 743 3006 inscriptione
767 2929 890 2988 extremi
914 2933 974 2987 tres
996 2947 1101 2986 uorsus
1118 2928 1154 2984 ad
1171 2947 1228 2983 mc-

59 3027 144 3080 trum
180 3019 365 3090 diuiduntur,
400 3019 507 3093 reliqui
542 3039 600 3077 non
632 3022 712 3077 item.
758 3019 839 3094 prior
862 3038 931 3094 pars
955 3016 1090 3076 carminis
1114 3019 1230 3074 constat

60 3130 113 3169 sex
143 3108 340 3184 quaternariis
364 3109 496 3166 iambicis
520 3108 708 3167 catalecticis.
754 3128 786 3166 u.
812 3109 829 3164 2
854 3125 1012 3183 suppressa
1035 3105 1131 3180 primu
1154 3104 1230 3162 thesi

59 3204 108 3258 cst
142 3199 370 3274 procatalcctus
416 3217 447 3255 u.
485 3199 502 3254 3
542 3216 699 3272 suppressa
723 3197 811 3254 tertia
835 3196 1037 3255 dica-ialectus.
1084 3193 1231 3268 posterior

60 3293 165 3347 autem
191 3306 267 3362 ·pars
291 3286 427 3344 carminis
451 3290 496 3344 est
518 3287 742 3362 hypermeinum
765 3285 949 3344 trochaicum
971 3283 1152 3342 trimembre.
1198 3301 1229 3339 a.

62 3377 81 3435 7
107 3377 277 3434 interiorem
302 3375 444 3433 caiaiexin
468 3375 559 3433 habet
581 3393 738 3451 suppressa
761 3374 837 3453 thesi
859 3373 965 3450 prima.

170 3476 212 3542 V.
237 3477 270 3542 6.
318 3483 417 3557 quod
439 3486 606 3540 uouerat
629 3481 665 3538 in
693 3479 810 3552 bello]
835 3475 1023 3556 Zusovom
1040 3477 1083 3535 IN
1100 3476 1230 3535 BELLO

61 3571 253 3630 VOVERAT
277 3565 369 3648 lapis.
415 3571 554 3628 nimirum
577 3571 614 3628 ab
638 3569 804 3645 antiquiore
820 3569 909 3627 titulo
926 3571 956 3625 et
970 3588 1001 3626 u.
1026 3571 1043 3626 5
1062 3567 1150 3625 ethic
1165 3586 1230 3624 uer·

59 3680 113 3720 sus
136 3666 274 3736 sumptus
297 3664 351 3721 esi.
376 3660 426 3718 sed
449 3663 583 3717 mutatus
607 3658 710 3717 inscite
734 3663 764 3716 et
787 3659 993 3734 neglegentem
1017 3657 1047 3714 in
1064 3655 1230 3730 antiquiore

61 3750 153 3808 titulo
176 3749 237 3808 sine
261 3748 352 3806 dubio
375 3748 433 3806 fuit
456 3749 600 3824 scriptum
624 3746 760 3805 DVENE
785 3750 815 3804 ei
838 3745 1007 3815 DVELLO,
1032 3745 1083 3803 sed
1106 3744 1137 3802 id
1160 3743 1231 3800 nihil

61 3839 101 3897 ad
124 3841 264 3896 metrum.

169 3944 348 4003 Ritschelius
372 3945 443 4001 dum
465 3944 558 4002 uariis
581 3943 663 4002 tiiuli
686 3942 783 4002 omnia
798 3945 894 4000 metro
909 3940 1042 4000 saturnio
1059 3940 1232 3998 concludere

60 4034 226 4103 contendit,
263 4033 342 4108 quod
366 4032 501 4090 fecerunt
523 4033 622 4101 ceteri,
647 4051 707 4090 non
728 4032 857 4090 mulium
881 4030 972 4088 adid
995 4029 1233 4104 consequendum

59 4123 190 4199 profecit
224 4135 258 4181 e'o
293 4123 374 4196 quod
408 4140 455 4196 op.
491 4121 544 4179 IV.
582 4121 622 4179 84
657 4141 688 4179 u.
724 4123 753 4192 6,
777 4123 813 4178 ui
835 4119 981 4194 posterius
1005 4117 1231 4186 hemistichium,

62 4211 165 4271 uorsui
190 4214 207 4269 5
233 4210 368 4269 adiunxit
391 4214 421 4268 ei
444 4214 588 4285 tanquam
611 4211 785 4268 lacunosum
807 4209 850 4266 ita
872 4208 1031 4283 iegendum
1054 4225 1115 4265 esse
1138 4205 1232 4264 conia-

63 4301 125 4360 cit:
162 4302 281 4376 ”quod
317 4296 344 4357 is
378 4299 414 4357 in
448 4299 552 4358 be'ilo
576 4301 727 4369 uorat,’'
754 4317 813 4373 quo
837 4301 867 4356 ei
890 4293 917 4354 is
941 4297 1039 4372 inepta
1062 4295 1232 4355 redundans
