2910 4778
243 311 294 383 40
684 336 964 384 cerracclrrosss.

349 489 417 549 Siue
453 489 565 549 Gellius
599 492 670 548 nihil
695 491 776 549 aliud
799 511 889 566 quam
913 510 947 548 es
970 510 1047 566 quae
1070 490 1204 549 maxime
1230 492 1408 551 cohaererent

243 599 310 638 cum
338 579 453 638 nomine
477 579 626 640 Nerienes.
651 581 686 638 de
710 599 769 654 qua
793 580 935 656 disputat.
960 580 1124 639 exscribere
1141 581 1281 651 uolebat,
1299 581 1357 640 siue
1371 611 1403 620 -·

242 669 322 744 quod
353 669 488 744 equidem
511 669 605 744 magis
629 669 716 728 credo
741 699 781 707 -
805 687 864 727 non
886 669 954 745 plus
977 670 1058 744 apud
1081 671 1245 728 auctorem
1268 689 1350 729 sumu
1371 671 1404 728 in·

245 762 381 827 uenerat,
406 763 544 816 truncum
570 757 653 816 nobis
677 758 800 816 tradidit
823 777 951 826 carmen,
976 759 1055 832 quod
1079 776 1133 815 nec
1152 762 1250 835 caput
1266 778 1318 818 nec
1331 760 1406 836 pedes

241 847 360 904 habeat.
406 867 474 904 nam
510 847 604 922 prima
639 847 739 922 aliqua
773 847 870 905 deesse
906 850 1030 923 apparet
1052 850 1084 905 et
1106 866 1144 904 ex
1169 867 1205 907 eo
1231 850 1312 924 quod
1335 849 1403 908 deest

241 936 381 1011 precandi
415 937 540 994 uerbum
577 967 616 973 -
653 936 761 1012 quippe
796 936 1061 1011 comprecationem
1096 937 1178 995 hanc
1214 957 1280 996 esse
1307 937 1404 996 Gellius

242 1025 314 1083 dicit
349 1056 386 1063 -
425 1044 484 1101 quo
518 1024 680 1083 accusatiui
715 1029 867 1100 regantur,
903 1044 956 1084 nec
979 1024 1064 1083 facile
1086 1026 1193 1100 potuit
1218 1026 1403 1103 comprecatio

243 1114 382 1173 continuo
418 1114 591 1172 descendere
625 1114 662 1171 ad
690 1115 804 1173 minora
827 1114 878 1171 illa
901 1119 931 1172 et
954 1113 1126 1173 obscuriora
1151 1116 1289 1186 numina,
1313 1115 1403 1192 princi·

241 1203 383 1278 piumque
417 1202 478 1261 sine
514 1202 604 1260 dubio
639 1203 762 1260 ductum
786 1211 831 1262 est
854 1223 871 1260 a
894 1203 1065 1262 maioribus.
1090 1204 1223 1280 exempli
1246 1206 1343 1281 gratia
1356 1204 1402 1263 sic:

407 1285 541 1349 l'enerdr
564 1287 702 1369 reptilem
831 1286 983 1349 latronem
1005 1287 1163 1350 Lucinam

400 1376 531 1437 llenerdl'
553 1375 733 1438 Mineruam
823 1374 953 1439 Floram
979 1373 1072 1459 Opim
1095 1375 1278 1440 Fortriream

403 1463 540 1526 Cererem
564 1463 703 1526 Dicimus
823 1466 995 1548 ce'terdsque
1016 1465 1129 1528 dieras:

401 1552 529 1615 Ariadne
555 1553 728 1616 Perennem
822 1554 858 1632 td,
886 1553 987 1635 Pales,
1013 1553 1268 1640 Pandrtmquffl)

401 1646 495 1705 Luam
520 1646 641 1705 Saturni
961 1651 988 1706 et
1010 1665 1037 1726 q.
1062 1663 1087 1705 8.

241 1737 313 1795 haec
347 1736 486 1794 nimirum
521 1737 646 1812 exempli
670 1755 759 1794 causa
783 1736 893 1806 addidi,
918 1756 976 1796 non
999 1737 1080 1812 quod
1103 1757 1224 1814 sperem
1248 1759 1334 1816 possa
1355 1740 1404 1797 iam

241 1845 314 1884 uera
337 1825 464 1883 restitui.

347 1914 445 1971 Etiam
469 1918 647 1989 postremam
670 1919 787 1990 partem
810 1914 947 1974 carminis
971 1916 1068 1974 deesse
1091 1935 1127 1973 ex
1151 1936 1187 1974 eo
1213 1918 1404 1976 coniecturam

241 2004 327 2072 facio,
352 2003 432 2078 quod
455 2003 485 2061 in
508 2003 563 2062 hoc
587 2004 725 2074 carmine,
750 2022 810 2079 quo
834 2004 905 2061 deae
920 2003 1107 2071 innocentur,
1125 2005 1222 2064 Vesta
1238 2007 1314 2082 ipsa,
1332 2007 1405 2066 cuius

241 2093 408 2151 sacerdotes
430 2093 605 2167 plerumque
629 2093 878 2151 administrabant
900 2092 1056 2151 muliebria
1072 2112 1157 2152 sacra
1172 2096 1308 2170 publica,
1326 2096 1405 2154 nomi·

241 2182 307 2239 nari
323 2181 434 2250 debuit,
451 2181 613 2256 etquidem
631 2185 761 2240 extremo
778 2182 916 2240 carmine.
951 2180 1052 2241 Gicero
1069 2183 1191 2258 quidem
1207 2184 1243 2242 de
1256 2189 1321 2243 nat.
1335 2186 1404 2243 deor.

240 2270 272 2329 Il
304 2271 320 2340 ξ
344 2270 383 2328 67
411 2271 459 2327 '’in
485 2290 519 2327 ea
543 2271 628 2339 dea”‚
653 2271 760 2345 inquit,
786 2272 887 2345 ”quod
910 2275 955 2330 est
977 2291 1078 2329 rerum
1102 2276 1204 2331 custos
1229 2273 1405 2342 intimarum,

241 2361 335 2418 omnis
351 2363 382 2417 et
396 2360 528 2434 precatio
545 2366 574 2417 et
590 2360 764 2418 sacrificatio
780 2363 951 2418 extrema
964 2364 1039 2418 est”.
1072 2361 1110 2420 cf.
1125 2367 1194 2419 acta
1207 2363 1299 2422 fratr.
1311 2363 1404 2421 Arual·

241 2453 272 2507 et
305 2449 418 2507 Preller
452 2442 578 2524 Myth.⁸
612 2448 653 2507 Il.
692 2448 752 2506 172
770 2443 806 2520 ²).
852 2449 933 2523 quod
967 2453 1067 2507 autem
1100 2448 1229 2510 Ouidius
1253 2451 1338 2511 Fast.
1361 2452 1404 2509 Vl.

242 2538 305 2595 304
328 2537 481 2613 praecipit,
504 2538 534 2595 id
549 2538 648 2612 graeci
664 2538 753 2597 moris
768 2539 836 2601 fuit,
854 2557 913 2597 non
928 2539 1053 2597 romani.
1087 2538 1176 2597 Plato
1194 2539 1280 2599 Grat.
1298 2541 1404 2608 4011)..

240 2627 330 2686 Paus.
364 2626 401 2683 V.
440 2626 490 2684 14.
525 2628 557 2686 4.
592 2624 694 2702 (paulo
723 2627 810 2685 aliter
835 2627 936 2702 hymn.
960 2627 1048 2686 Hom.
1072 2627 1216 2687 XXIX-5
1241 2649 1290 2705 sq.
1315 2625 1404 2706 πρώτῃ

240 2714 360 2793 π’)μάτῃ
384 2714 438 2786 τε).

346 2805 389 2864 Ut
423 2825 454 2863 u.
480 2805 497 2862 2
544 2804 698 2862 VIrites
728 2804 880 2874 Quirini
902 2824 1058 2881 personam
1081 2813 1193 2881 gerunt
1215 2808 1331 2867 uirium
1353 2809 1402 2866 lla-

239 2896 406 2953 uortiarum
442 2897 473 2951 et
505 2897 575 2952 sunt
609 2889 641 2948 τὸ
676 2885 799 2970 ὄβριμον
833 2892 924 2971 μένος
955 2885 1085 2971 Ἀρηος,
1110 2895 1151 2953 ita
1176 2915 1209 2954 u.
1235 2897 1268 2956 4.
1294 2899 1402 2955 Moles

240 2983 436 3042 lllauortis
460 2988 531 3041 sunt
553 2973 569 3039 ὁ·
594 2975 696 3059 μῶλος
718 2974 849 3059 'Amc-
878 3018 912 3026 -

345 3066 388 3133 V.
412 3067 447 3131 2.
493 3069 663 3142 Virites]
699 3066 756 3145 QZ
787 3065 981 3142 Herlzius²;
1013 3072 1064 3147 qui
1087 3073 1205 3131 confert
1228 3073 1266 3131 L.
1291 3073 1401 3133 Prelleri

238 3162 333 3236 myth.
357 3180 432 3220 rom.
457 3161 481 3218 I.
497 3154 511 3191 ⁸
530 3182 564 3237 p.
590 3160 663 3217 372.
689 3190 728 3199 -
754 3160 778 3218 is
802 3164 902 3219 autem
925 3165 994 3236 apte
1017 3162 1070 3220 has
1085 3161 1243 3221 Virites
1260 3183 1330 3222 cum
1344 3164 1401 3220 Vi·

238 3251 347 3308 ribus
381 3250 493 3308 Dianae
528 3249 655 3308 contulit
688 3270 743 3307 -:
768 3249 911 3308 iurites
935 3239 1065 3305 XOHN.
1111 3250 1226 3309 incerta
1252 3257 1299 3311 est
1321 3272 1400 3328 quan·

238 3341 310 3398 titas
343 3339 553 3414 paenultima,
589 3358 606 3395 a
633 3338 787 3396 uiribus
810 3341 912 3396 utrum
937 3338 1032 3397 dictae
1055 3339 1115 3397 sint
1136 3333 1312 3411 Virites,
1335 3345 1401 3400 uta

238 3428 331 3504 pede
365 3422 535 3503 pediteS,
572 3427 609 3485 ab
633 3446 730 3503 equo
753 3422 926 3502 equites,
951 3447 968 3485 a
990 3429 1115 3504 palma
1137 3425 1346 3505 palmites.
1368 3449 1398 3487 an

238 3517 408 3590 Virites,
444 3521 480 3575 ut
514 3536 532 3574 a
566 3515 649 3575 cirri
683 3517 832 3575 uocabulo
858 3516 978 3586 Sabin0,
1003 3518 1037 3575 de
1061 3536 1121 3592 quo
1145 3519 1221 3594 disp.
1249 3520 1362 3578 Deeclre
1380 3519 1397 3576 l.

239 3607 274 3664 de
297 3606 418 3665 Faliscis
441 3626 470 3682 p.
497 3607 548 3674 85,
572 3606 649 3665 Iuno
672 3605 834 3664 GurItis.
881 3606 1012 3664 notabile
1034 3610 1134 3665 tamen
1158 3612 1204 3666 est
1228 3610 1311 3684 qnod
1332 3627 1398 3683 quaa

239 3694 384 3754 Curitis
420 3716 437 3753 a
469 3695 555 3753 Paul.
591 3695 701 3753 Festin.
737 3696 789 3756 49.
825 3694 927 3752 eadem
959 3691 1133 3764 Quiritis
1155 3695 1238 3755 Fest.
1268 3700 1340 3755 254.
1364 3698 1396 3753 25

238 3785 318 3844 dieta
345 3788 447 3843 estex
471 3785 593 3842 coniect.
619 3783 667 3842 CO
690 3783 836 3841 Muelleri.
882 3783 992 3841 Mirsch
1015 3784 1050 3840 de
1066 3783 1194 3844 Varron.
1211 3805 1273 3845 rer.
1290 3788 1366 3845 hum.
1379 3786 1396 3842 l.

238 3874 321 3932 XXV
343 3894 374 3949 p.
400 3874 462 3932 104
487 3893 554 3931 eum
578 3873 675 3930 Verrii
699 3874 798 3930 locmu
821 3893 838 3930 a
861 3872 1004 3931 Varronis
1027 3873 1104 3932 libro
1128 3875 1252 3950 repetit.
1272 3907 1312 3915 —
1327 3891 1356 3934 a.
1370 3871 1395 3932 3.

349 4029 372 4106 ¹)
396 4034 539 4094 Similiter
562 4032 665 4109 scripsi
688 4037 779 4109 atque
801 4033 915 4091 Ennius
939 4052 985 4108 ap,
1010 4032 1090 4092 Non.
1108 4033 1182 4092 120.
1209 4037 1229 4093 2
1249 4041 1395 4112 '’teque.

237 4123 393 4195 Quirine
428 4128 555 4199 pater,
580 4141 747 4181 ueneror
771 4123 989 4197 Horamque
1013 4121 1203 4191 Quirini&
1254 4127 1292 4185 cf.
1315 4126 1395 4200 νοις.

238 4214 274 4273 G.
311 4213 367 4273 ΙΙΙ.
405 4213 420 4272 1
460 4216 510 4270 ”te
534 4230 653 4287 quoque
676 4231 785 4287 magna
809 4211 895 4270 Pales
920 4215 996 4268 —”.
1043 4211 1081 4269 ad
1104 4230 1167 4270 rem
1192 4215 1232 4274 cf.
1258 4215 1351 4274 Varro
1371 4212 1395 4271 S.

237 4301 315 4360 Men.
341 4323 370 4378 p.
397 4303 470 4360 214.
497 4303 515 4358 4
540 4295 700 4358 li=506
725 4294 764 4360 B.
