2910 4778
636 340 838 388 sunrnnrnu.
1302 320 1321 389 7

365 491 560 565 Socierum
589 483 665 566 ollii
692 493 792 568 male
820 493 957 568 feruet.
1277 506 1323 561 41.

370 616 471 689 Male
499 616 600 690 node
630 618 751 690 mulus
779 619 931 695 cuneus.
1278 632 1322 686 4⁴2.

365 742 497 815 Assem
525 742 665 814 heibeue
693 744 815 815 iissem
843 744 982 816 utieas.
1278 757 1321 813 43.

364 865 469 938 Nihil
497 868 620 939 inuitet
647 866 831 940 Minerua.
1278 881 1321 935 44.

364 990 465 1063 Malo
495 990 622 1065 emere
651 993 764 1085 qutm
793 993 939 1087 rogere.
1277 1005 1322 1060 45.

363 1114 564 1187 Fulmentn
592 1115 735 1189 lectum
763 1118 960 1190 scendunt.
1277 1129 1321 1184 46.

365 1238 490 1313 nollet
518 1243 558 1324 te
588 1245 756 1334 quinon
784 1242 907 1315 neuin.
1278 1254 1321 1308 47.

362 1364 520 1439 iucundi
548 1369 623 1438 acti
651 1366 812 1440 lubntius,
1276 1378 1320 1433 48.

144 1538 375 1546 ----———

256 1625 314 1692 41.
361 1633 568 1693 Petronius
604 1653 629 1694 e.
664 1636 714 1693 38.
752 1666 792 1673 —
817 1638 946 1693 metrum
969 1634 1127 1712 antiquum
1150 1635 1320 1695 restituitur

137 1720 200 1779 ubi
235 1721 428 1797 produximus
463 1723 587 1798 antiquo
618 1743 699 1782 more
722 1724 860 1782 ultimum
882 1724 961 1783 illius
985 1725 1074 1782 olle.
1100 1754 1139 1763 —
1165 1724 1230 1783 Hoc
1252 1744 1319 1801 pro·
1372 1719 1375 1725 ’

140 1809 253 1869 uerbio
280 1814 447 1886 tanguntur
475 1813 560 1870 amici
584 1811 737 1871 immunes.
785 1813 887 1882 simile,
912 1813 963 1872 sed
986 1832 1046 1873 non
1069 1812 1146 1871 idern
1170 1818 1215 1872 est
1237 1828 1319 1890 grae-

141 1918 215 1958 eum
241 1894 286 1962 ζεῖ
306 1895 413 1977 χὺτρα,
439 1896 473 1978 ζῇ
498 1895 594 1980 φιλία.

256 1982 314 2048 42.
360 1988 616 2065 Hieronymus
647 2011 692 2067 ep.
718 1993 770 2050 69.
797 1994 813 2048 5
841 1991 944 2049 ”iuxta
967 1992 1133 2066 uulgare
1156 2010 1318 2067 prouer-

138 2074 249 2134 bium
286 2079 403 2136 ’melo’
431 2079 545 2138 arboris
570 2082 676 2140 ’nodo
699 2081 821 2139 mulus
845 2084 998 2139 cuneus’
1022 2084 1068 2138 est
1090 2079 1317 2156 requirendus’'.

141 2160 248 2223 1ηέΙό
282 2170 317 2224 ut
352 2186 399 2242 ap.
424 2169 562 2228 scenico&
594 2171 628 2228 de
652 2171 750 2228 solute.
773 2169 862 2228 tertia
888 2169 988 2227 '’ersi'’
1011 2189 1042 2228 u.
1068 2167 1188 2227 christii
1211 2163 1317 2230 metr.²

140 2272 174 2330 p.
204 2255 280 2313 253.
388 2251 446 2317 43.
493 2257 695 2317 Petronius
720 2277 745 2317 e.
772 2257 822 2316 77.

253 2338 312 2403 44.
360 2344 492 2406 Cicero
527 2347 562 2405 de
597 2348 646 2406 off.
682 2347 696 2405 Ι
731 2348 747 2417 ἕ
785 2346 844 2405 110
883 2347 1029 2405 '’'nihil’
1066 2346 1150 2404 decet
1181 2345 1317 2405 ’inuita

142 2433 252 2503 Min’,
276 2437 318 2491 ut
334 2433 460 2505 aiunt,
476 2435 507 2494 id
523 2440 568 2495 est
584 2438 760 2496 aduersante
776 2440 806 2494 et
822 2438 1007 2512 repugnante
1022 2437 1165 2494 natura''.
1199 2435 1316 2507 Hora·

141 2522 225 2580 tius
249 2521 286 2578 A.
312 2523 345 2582 P.
370 2523 432 2582 385
460 2529 515 2582 ”tu
540 2526 647 2585 ’nihil
670 2525 808 2584 inuitu’
834 2525 910 2583 dices
934 2524 1061 2582 faciesne
1086 2522 1316 2583 ’Minerua”’.

142 2611 182 2668 ad
218 2630 306 2686 quem
329 2613 350 2671 1.
376 2613 472 2672 Acro
496 2615 551 2673 hoe
575 2616 659 2673 adn:
686 2646 726 2653 -
752 2645 792 2652 —
819 2618 885 2672 '’est
907 2612 1157 2689 prouerbium
1180 2611 1315 2670 artifi-

142 2702 259 2757 cum”.
306 2701 343 2759 ef.
369 2700 441 2761 Otto
464 2701 532 2760 WA
555 2703 602 2762 111
627 2704 688 2761 218
713 2723 757 2779 sq.

251 2783 311 2849 45.
359 2789 492 2851 Cicero
516 2793 545 2849 in
571 2793 656 2851 Verr.
682 2796 739 2851 act.
762 2791 803 2850 II.
828 2792 871 2850 IV
895 2792 911 2861 ξ
938 2790 975 2848 12
1002 2789 1198 2866 ”Cupidinem
1214 2789 1315 2848 Praxi·

142 2877 196 2936 teli
219 2877 269 2935 HS
294 2879 393 2938 MDC!
416 2883 551 2956 profecto
574 2882 641 2940 hine
664 2886 768 2939 natum
792 2885 850 2939 est:
877 2884 926 2937 ’m.
952 2897 978 2938 e.
1003 2899 1032 2954 q.
1056 2882 1132 2937 r.”’.

250 2961 310 3027 46.
358 2968 504 3027 Nonius
538 2991 568 3046 p.
606 2971 679 3029 206.
716 2972 755 3028 25
782 2970 994 3027 ”Fulmentnm
1018 2971 1134 3038 neutro,
1158 2970 1193 3026 ut
1216 2967 1314 3026 estin

142 3056 355 3130 prouerbio
379 3058 523 3126 ueteri,
549 3078 608 3134 quo
633 3059 752 3117 Varro
775 3059 873 3116 utitur
896 3058 1026 3133 saepius:
1052 3057 1083 3114 ’f.
1107 3057 1127 3114 l.
1152 3060 1243 3116 se.”’.
1284 3056 1314 3115 Si

144 3144 310 3202 ’fulmenta’
346 3147 374 3204 h.
410 3149 430 3205 l.
455 3147 531 3205 idem
555 3147 723 3224 significant
745 3148 824 3223 quod
850 3147 998 3205 'fulcrum'
1030 3177 1061 3188 -
1088 3149 1125 3203 ut
1147 3149 1236 3220 putat
1260 3144 1314 3204 Ge·

140 3251 229 3309 urges
263 3252 286 3292 s.
321 3254 353 3294 u.
390 3235 588 3294 'fulmentum’
626 3268 665 3276 -
701 3237 757 3295 hoe
790 3235 983 3312 prouerbium
1010 3234 1120 3310 optime
1143 3233 1315 3293 illustretur

141 3321 176 3380 iis
212 3341 288 3398 quae
323 3323 457 3401 disput-at
492 3325 530 3381 W
565 3324 587 3383 0
622 3325 646 3382 F
681 3326 836 3384 Anderson
871 3324 900 3381 in
925 3319 934 3347 ²
937 3315 1089 3383 Classical
1112 3316 1242 3381 Reviezu'
1266 3323 1313 3382 ΙΙΙ

141 3411 206 3469 322
235 3430 301 3488 sqq.

248 3495 308 3562 47.
354 3500 624 3571 Quintilianus
658 3503 726 3562 inst.
751 3503 793 3561 Vl
818 3503 848 3562 3.
873 3501 1002 3560 96--98
1028 3499 1204 3558 ”Adiuuant
1225 3500 1313 3560 urba·

139 3589 267 3647 nitatem
302 3623 336 3632 —
368 3623 402 3633 —
429 3592 640 3667 prouerbia
664 3595 831 3668 opportune
855 3593 967 3668 aptate,
991 3593 1027 3649 ut
1049 3588 1160 3648 homini
1184 3609 1313 3665 nequam

138 3678 224 3754 lapso
248 3680 278 3736 et
301 3683 338 3737 ut
360 3680 552 3739 adleuaretur
575 3681 704 3756 roganti,
730 3681 873 3739 ’Tollat
895 3686 931 3737 te
955 3699 984 3754 q.
1009 3698 1038 3736 n.
1063 3680 1145 3738 n.”’.
1163 3678 1201 3736 ef.
1218 3678 1312 3738 Hora·
1343 3677 1344 3680 ’

139 3767 200 3824 tius
225 3785 271 3842 ep.
296 3768 309 3825 1
338 3768 386 3826 17.
413 3769 465 3828 58.
490 3801 530 3810 —
556 3769 729 3829 allitterntio
752 3769 899 3846 exquisita
922 3772 976 3826 est.

248 3849 307 3917 48.
354 3856 488 3917 Cicero
528 3859 577 3916 fin.
612 3858 643 3918 ΙΙ
670 3858 729 3917 105
757 3857 865 3928 ”Quid,
890 3857 914 3915 si
938 3856 1027 3914 etiam
1050 3855 1180 3914 iucunda
1203 3874 1312 3914 memo·

138 3944 184 4002 ria
208 3947 253 4003 est
275 3947 506 4022 praeteritorum
529 3948 697 4007 malorum?
720 3951 756 4006 ut
777 3945 989 4024 prouerbiu
1012 3963 1071 4004 non
1096 3945 1179 4002 nulla
1193 3943 1312 4003 ueriora

136 4033 200 4092 sint
235 4053 324 4109 quum
358 4041 460 4094 uestra
491 4038 641 4113 dogmata.
687 4037 809 4114 uulgo
832 4035 910 4094 enim
934 4034 1097 4094 dieitur:
1123 4032 1209 4091 ’qu
1234 4031 1312 4092 uoti

136 4122 223 4181 leb)
262 4123 397 4183 similiter
436 4123 495 4184 cic.
535 4126 605 4183 fem.
645 4126 668 4183 V
706 4126 757 4184 12.
793 4127 823 4184 4.
881 4123 991 4183 Seneca
1025 4122 1113 4181 Here.
1148 4121 1209 4179 fur.
1246 4123 1310 4180 656

136 4230 258 4358 Sqffss
276 4211 361 4290 origo
384 4214 509 4273 fortusse
532 4234 649 4292 graeca,
673 4235 704 4273 u.
730 4213 790 4274 cie.
814 4216 834 4274 l.
860 4234 889 4291 q.
914 4213 942 4272 d.
967 4214 998 4270 et
1019 4211 1160 4269 Erasmus
1174 4228 1205 4269 u.
1223 4210 1310 4268 2243

136 4320 169 4376 p.
284 4321 311 4359 a.
