2910 4778
615 320 687 367 car.
705 321 750 366 vr.
769 312 784 378 g
805 321 829 366 a.
1251 317 1311 365 nul

137 495 383 574 Buechelermn,
423 492 574 558 Ioannem
614 492 807 556 Vahlenum.
846 489 1016 555 Alfredum
1056 489 1309 569 Fleckeisenum,

137 612 302 676 Andrean]
336 610 554 695 Spengelium,
579 609 756 673 Lucianum
779 606 980 685 Muellerum,
1004 605 1204 669 Theodorum
1226 603 1312 668 Kor-

135 725 273 806 schium,
308 727 481 790 Aemilium
517 724 759 800 Baehrensium,
783 722 981 786 Ludouicum
1005 720 1178 785 Havetum.
1224 719 1312 783 Mar-

138 844 230 907 tinus
266 846 373 906 autem
407 840 557 905 Hertzius
587 840 747 903 interdum
770 838 897 902 uidetur
920 837 1018 901 fuisse
1041 857 1105 900 non
1127 835 1250 900 alienus
1274 836 1314 900 ab

137 959 290 1022 saturniis
314 957 553 1021 sine'anacrusi
577 955 791 1019 admittendis.

246 1073 432 1136 Fridericus
454 1071 551 1136 Allen
574 1074 701 1136 secutus
718 1091 852 1152 eaquae
869 1068 945 1131 olim
961 1068 1112 1132 docuerat
1128 1066 1309 1151 Westphal,

137 1191 216 1255 dum
248 1194 280 1254 et
307 1193 494 1253 accentuum
518 1189 599 1252 ictus
624 1191 657 1250 et
681 1187 820 1271 pondera
844 1183 1040 1268 syllabarum
1063 1204 1164 1266 aeque
1187 1183 1313 1248 libratis

138 1307 209 1370 fere
240 1305 409 1368 momentis
434 1305 473 1367 ad
497 1303 703 1368 modulandos
728 1300 885 1365 saturnios
909 1299 1047 1362 ualuisse
1072 1299 1243 1376 contendit,
1268 1298 1314 1361 sic

135 1420 262 1498 statuit,
287 1419 462 1502 antiquitus
486 1419 583 1483 fuisse
607 1417 765 1481 saturnios
789 1416 856 1479 sine
881 1415 1038 1492 anacrusi,
1062 1418 1135 1497 post
1157 1413 1314 1497 paulatim

138 1537 360 1621 praeualuisse
384 1558 476 1600 usum
500 1534 662 1598 anacrusis
681 1535 714 1610 ¹).

252 1651 300 1715 Ex
323 1652 363 1715 iis
388 1654 494 1715 autem
519 1651 574 1733 qui
597 1650 781 1713 accentibus
797 1651 967 1713 uerborum
983 1645 1232 1709 modulationem
1248 1667 1315 1708 om-

137 1791 215 1833 nem
238 1769 452 1831 saturniorum
476 1766 620 1851 dirigunt
643 1767 755 1831 Keller
777 1771 810 1831 et
832 1767 1007 1853 Westphal
1030 1771 1122 1834 modo
1145 1771 1314 1833 anacrusin

137 1884 257 1948 habere
281 1884 375 1947 modo
398 1903 505 1946 carere
529 1903 568 1945 ea
591 1882 748 1947 saturnios
765 1884 888 1964 docent,
905 1884 1115 1969 Thurneysen
1131 1888 1314 1949 constanter

137 1999 277 2082 primam
302 1998 457 2082 syllabam
482 1999 618 2061 saturnii
642 1999 707 2061 ictu
731 2001 880 2083 percutit,
903 2000 1096 2065 Ramorinus
1121 2001 1315 2065 econtrario
1409 2025 1411 2029 ·

137 2118 323 2180 constanter
346 2136 454 2178 omnes
478 2114 636 2178 saturnios
660 2115 785 2179 scandit
808 2139 866 2199 per
890 2117 1059 2181 anacrusin
1075 2116 1113 2198 2).

247 2229 294 2294 Ex
318 2230 378 2293 hac
402 2232 492 2294 tanta
516 2230 710 2294 dissensione
736 2236 869 2314 apparet
893 2255 988 2316 quam
1012 2232 1054 2296 sit
1071 2255 1108 2297 ea
1124 2254 1174 2296 res
1190 2232 1316 2296 lubrica

138 2368 177 2410 ac
202 2346 348 2410 difficilis.
396 2368 454 2409 nec
478 2349 586 2409 tamen
608 2346 642 2409 id
665 2348 750 2429 quod
773 2348 904 2410 maximi
921 2348 962 2410 sit
978 2347 1130 2411 momenti
1147 2348 1187 2411 ad
1204 2348 1315 2431 cogni-

135 2463 257 2527 tionem
291 2462 415 2525 numeri
445 2462 589 2539 saturnii,
614 2465 779 2545 tamquam
802 2463 1016 2546 desperatum,
1040 2464 1221 2546 relinquere
1245 2485 1315 2542 nec,

139 2582 307 2662 tamquam
331 2580 448 2656 actum,
472 2578 582 2660 paucis
607 2579 771 2641 absoluere
795 2579 880 2644 licet.

246 2756 263 2838 ξ
289 2758 319 2820 2.
366 2754 553 2838 Quicunque
588 2756 690 2840 igitur
724 2779 835 2820 uersus
859 2759 1009 2822 uidentur
1032 2780 1140 2822 carere
1165 2758 1314 2820 anacrusi

114 2934 116 2937 ,
142 2907 184 2916 -
211 2876 243 2935 et
267 2874 392 2934 exstant
415 2870 501 2936 haud
524 2872 620 2954 pauoi
635 2873 727 2950 tales,
744 2874 798 2954 qui
816 2874 993 2937 enumerati
1008 2877 1082 2936 sunt
1097 2896 1129 2956 p.
1146 2870 1193 2936 IV
1210 2895 1257 2955 sq.
1279 2912 1312 2921 »-

252 3140 275 3214 ¹)
299 3139 336 3203 Z.
359 3139 385 3220 f.
410 3140 568 3222 beryteict.
594 3139 740 3224 sparreus.
765 3136 890 3203 XXIV
910 3141 984 3203 586.

252 3227 278 3310 2)
302 3234 480 3292 Ramorinus
504 3235 632 3292 saturnii
654 3236 829 3310 rhythmum
852 3235 883 3292 in
907 3238 1032 3293 accentu
1047 3235 1172 3293 maxime
1188 3236 1317 3311 positam

139 3342 202 3383 esse
238 3323 377 3381 disseruit
412 3342 480 3381 cum
515 3323 579 3381 aliis
615 3324 867 3399 disputationibus
899 3330 965 3381 tum
988 3325 1156 3400 nuperrime
1181 3343 1215 3381 ea
1239 3343 1315 3398 quae

137 3412 298 3471 Mediolani
334 3413 414 3469 edita
449 3415 495 3471 est
529 3433 555 3469 a.
591 3411 687 3470 1886.
733 3413 757 3471 is
781 3412 906 3487 exempli
930 3432 1019 3472 causa
1042 3413 1170 3488 primum
1195 3432 1316 3470 uersum

137 3502 298 3560 Liuianum
334 3504 491 3559 comment.
526 3501 738 3561 Mediolanensi
772 3522 802 3577 p.
840 3503 902 3559 239
938 3502 978 3560 sie
1006 3502 1135 3560 scandit:
1163 3502 1317 3559 ”Virum

137 3590 228 3649 mihi
252 3590 414 3649 Camena
440 3579 443 3669 l
468 3594 593 3648 insece
617 3583 852 3648 uersutum'’.
899 3593 971 3649 sunt
986 3594 1087 3648 tamen
1103 3610 1179 3664 quae
1196 3591 1317 3647 duriora

136 3681 213 3737 fiant
235 3679 272 3736 ab
288 3679 449 3738 ltamorino
466 3679 602 3738 anacrusi
618 3679 740 3748 enormi,
757 3682 792 3738 ut
810 3680 985 3737 ''Runcus
1003 3682 1092 3754 atque
1111 3679 1315 3753 Purpureus”,

142 3803 178 3810 -
212 3768 437 3843 ”septimum
467 3769 614 3826 decimum
638 3771 769 3825 annum”
796 3763 831 3842 (t.
857 3784 881 3825 c.
902 3785 936 3846 p.
961 3763 1050 3844 240),
1077 3767 1316 3825 '’Romamne'-

138 3857 212 3916 dieit
245 3856 464 3931 triumphans’',
502 3858 662 3931 ”ltaque
685 3859 875 3932 postquamst
899 3857 1039 3925 Orcin0”‚
1065 3856 1241 3930 '’loquier
1264 3857 1316 3913 lin·

136 3965 199 4022 gua
222 3946 336 4002 latina'’
361 3941 398 4019 (t.
423 3961 447 4002 c.
466 3962 500 4023 p.
525 3942 616 4009 242).
663 3947 752 4003 etiam
776 3946 863 4004 medii
886 3946 1011 4004 membri
1032 3945 1206 4020 rhythmum
1228 3945 1317 4002 inter-

137 4037 211 4093 dum
246 4035 279 4091 fit
313 4034 511 4107 submolestus
547 4054 580 4093 eo
616 4035 696 4110 quod
731 4035 783 4093 uni
817 4035 891 4093 ictui
925 4036 1025 4110 plures
1060 4053 1151 4109 quam
1185 4053 1239 4108 par
1274 4041 1318 4092 est

136 4123 269 4199 syllabas
299 4123 410 4189 subdit,
435 4127 470 4180 ut
490 4139 522 4200 p.
548 4119 613 4180 242
639 4123 703 4181 ”ob
727 4125 841 4182 hasce
865 4142 925 4181 res
949 4123 1042 4181 bene
1065 4124 1230 4199 gestas’,
1277 4123 1318 4181 sic

137 4212 218 4270 enim
252 4213 366 4270 solutae
401 4212 541 4270 orationis
576 4212 690 4288 impetu
717 4212 862 4270 sententia
893 4212 940 4270 edi
962 4214 1070 4287 potest,
1095 4214 1191 4270 metro
1213 4230 1318 4270 uersus

136 4301 241 4361 scandi
263 4301 315 4358 uix
333 4303 450 4376 potest.
