2910 4778
142 301 186 348 XC
627 300 793 347 Exornata
810 301 831 347 L

141 474 226 557 quod
248 472 444 537 simillimum
468 477 517 537 est
539 471 613 535 hnic
637 470 777 536 Saturnii
801 495 912 537 uersus
935 473 1047 558 generi

365 592 464 672 tuque
487 590 666 652 minutato
690 623 732 633 -—
755 588 860 651 omnia
884 588 1039 653 disertim.

248 704 344 769 llitto
367 705 477 787 poesin
502 703 715 788 rhythmicam
738 703 871 766 latinam
895 704 992 767 medii
1014 704 1098 781 aerii,
1115 705 1306 769 romanicam

141 820 330 903 populorum
345 821 556 884 recentiorum
572 821 669 895 (unde
685 818 832 903 exempla
846 820 983 904 sumpsit
998 819 1110 883 Keller
1121 820 1145 883 l.
1160 821 1199 884 de
1216 817 1307 884 Satl

142 957 174 1018 p.
191 937 248 1017 82)
264 936 554 1020 germanumque,
570 957 665 1018 quam
683 935 840 1020 Krucgen
854 935 1030 999 Grundriss
1040 936 1072 998 d.
1085 935 1248 1020 Metrihp.
1261 938 1306 1014 50,

142 1050 297 1134 multique
321 1054 393 1132 post
415 1073 488 1114 eum
510 1073 583 1115 curn
605 1073 699 1115 uersu
723 1050 872 1114 Saturnio
888 1072 1072 1133 comparare
1087 1051 1206 1115 solent.
1240 1074 1307 1135 pro·

142 1167 227 1230 fecto
250 1166 342 1230 multi
365 1188 475 1230 uersus
497 1167 616 1249 passim
631 1189 690 1249 per
707 1170 819 1250 gentes
834 1167 980 1231 omnihus
996 1167 1218 1231 aetatibusad
1234 1166 1307 1236 hauc

141 1283 275 1345 tormanr
300 1283 465 1365 compositi
489 1304 558 1345 esse
581 1282 796 1346 inueniuntur.

248 1486 384 1552 Grauius
415 1488 492 1551 illud
517 1488 681 1570 estquod,
705 1487 733 1550 si
755 1485 897 1551 Saturnii
919 1487 975 1571 qui
998 1485 1119 1551 habent
1144 1488 1307 1552 airacrusin

142 1604 233 1667 mixti
269 1607 344 1667 sunt
378 1601 534 1668 Saturniis
567 1603 622 1687 qui
656 1602 800 1666 anacrusi
835 1607 954 1681 carent,
989 1602 1124 1667 mutatio
1155 1605 1306 1687 quaedam

141 1717 285 1803 rhythmi
308 1720 396 1782 nasci
419 1720 555 1783 uidetur.
603 1741 641 1782 ea
664 1722 770 1782 autem
792 1722 944 1783 nontam
967 1741 1001 1782 re
1024 1719 1061 1781 fit
1079 1741 1178 1803 quam
1196 1720 1304 1803 specie,

141 1871 183 1878 —
207 1835 355 1918 quoniam
379 1835 483 1898 exitus
507 1833 777 1898 hemistichiorum
802 1838 850 1898 est
873 1835 1076 1899 catalecticus
1102 1871 1143 1880 -
1169 1858 1231 1900 nec
1246 1839 1304 1899 tam

141 1951 276 2014 mutatio
311 1972 408 2033 quam
443 1951 581 2013 uarietas
616 1951 818 2015 nominanda.
864 1972 960 2034 quam
991 1955 1241 2016 consentaneum
1264 1953 1305 2014 est

141 2066 294 2130 exsistere
317 2067 350 2129 in
375 2088 412 2130 eo
434 2088 552 2150 genere
576 2067 608 2129 iu
632 2088 694 2149 quo
717 2087 803 2129 arses
826 2068 931 2129 certae
948 2069 1031 2144 sunt,
1047 2065 1156 2130 theses
1172 2069 1304 2151 quodam

141 2182 233 2245 modo
267 2203 380 2266 uagae.
428 2183 551 2245 accedit
584 2182 667 2265 quod
702 2184 734 2244 et
768 2181 926 2265 principia
960 2182 1084 2245 numeri
1108 2180 1254 2248 Saturnii
1275 2184 1302 2247 in

140 2297 241 2381 lyrica
275 2298 364 2381 poesi
391 2301 460 2361 orta
483 2302 566 2376 suut,
591 2302 623 2361 et
645 2318 719 2361 usus
743 2297 810 2361 eius
833 2297 1018 2380 plerumque
1043 2297 1105 2361 fuit
1128 2299 1162 2362 in
1188 2300 1301 2364 eadem.

140 2414 233 2497 lyrici
256 2418 361 2477 autem
385 2403 481 2497 saepe
511 2414 573 2479 sibi
602 2414 815 2496 permiserunt
836 2415 872 2476 ut
894 2414 1038 2477 uersibus
1061 2415 1116 2497 qui
1141 2416 1302 2479 anacrusin

141 2529 296 2594 haberent
319 2552 429 2594 uersus
452 2530 520 2593 sine
545 2529 690 2593 anacrusi
713 2530 952 2615 intersererent3
977 2529 1059 2613 quod
1077 2530 1210 2614 quidem
1225 2531 1301 2596 fece·

140 2650 214 2709 runt
249 2646 345 2709 etiam
379 2646 403 2708 ii
437 2650 551 2728 poetae
575 2645 630 2728 qui
654 2645 795 2708 carmina
810 2645 1021 2709 seuerioribus
1044 2645 1172 2730 legibus
1189 2669 1302 2731 paure-

140 2764 224 2825 runt.
270 2761 360 2825 utin
385 2761 505 2824 alcaica
528 2759 659 2843 stropha
681 2761 783 2824 tribus
807 2760 951 2824 uersibus
975 2761 1121 2824 anacrusi
1145 2762 1302 2827 instructis

139 2877 299 2940 subiectus
335 2880 383 2939 est
417 2877 530 2939 tertius
555 2877 622 2938 sine
647 2877 792 2939 anacrusi
815 2877 903 2940 talis:
934 2898 1005 2940 nec
1029 2879 1197 2941 ueteres
1221 2879 1303 2964 agi·

139 2996 281 3057 tantur·
305 2993 403 3057 orni.
449 2995 615 3075 praetereo
643 2992 784 3055 carmina
807 2993 1017 3056 recentiorum
1039 2991 1153 3056 horum
1176 2995 1303 3078 populo·

140 3129 221 3183 rum,
244 3108 289 3169 ‘in
324 3108 438 3190 quibus
473 3107 611 3190 plurima
644 3107 738 3170 huius
771 3108 817 3170 rei
841 3107 986 3190 exempla
1008 3107 1162 3172 inuenies.
1210 3109 1304 3174 latina

140 3244 216 3286 uero
240 3223 336 3286 medii
361 3224 432 3286 aeui
457 3223 597 3286 carmina
620 3245 770 3306 magnam
797 3222 917 3287 habent
939 3223 1033 3287 huius
1057 3225 1103 3286 rei
1125 3224 1304 3289 libertatem

141 3342 235 3421 atque
260 3339 460 3401 uarietatem.
507 3339 541 3401 in
557 3360 674 3423 magno
690 3361 820 3402 numero
836 3361 937 3422 pauca
953 3339 1123 3422 proferam.
1171 3341 1306 3424 primum

139 3454 249 3539 igitur,
273 3458 308 3517 ut
330 3455 542 3537 perspiciatur
565 3455 598 3517 id
621 3455 694 3518 inde
719 3456 759 3518 ah
782 3454 873 3518 initio
888 3455 991 3537 poesis
1008 3453 1210 3538 rhythmicae
1227 3478 1304 3540 quae

141 3569 257 3633 dicitur
291 3592 358 3634 esse
390 3571 563 3652 proprium,
588 3571 718 3634 afferam
743 3570 889 3653 exempla
914 3571 951 3633 de
976 3571 1205 3654 antiquissimis
1228 3594 1306 3656 quae

139 3685 267 3768 quidem
303 3685 381 3747 inihi
416 3686 546 3769 cognita
569 3685 633 3748 sint
655 3686 758 3768 poesis
782 3684 981 3769 rhythmicae
1006 3688 1229 3752 monumentis.
1276 3692 1308 3751 ut

139 3800 172 3863 in
207 3800 266 3864 hoc
302 3801 441 3864 carmine
477 3802 680 3884 anapaestico
714 3824 844 3865 numero
878 3803 938 3865 ”ad
963 3801 1169 3885 rhythmum''
1196 3804 1310 3869 uelud

140 3920 290 3980 accentus
314 3917 487 4001 composito
511 3913 579 3980 CIL
604 3914 651 3979 Vl
675 3917 757 3980 6821

481 4030 616 4096 Stabilio
641 4033 826 4117 cognomine
850 4034 941 4096 uixit.

484 4148 674 4232 ”multiplici
698 4152 774 4212 cura
797 4149 937 4212 defessus

481 4268 565 4327 nunc
588 4268 717 4327 securus
740 4263 900 4347 quiesco''.
