2910 4778
506 363 534 412 C.
563 362 788 412 DEDICATIONIS.

79 707 106 760 4.
253 688 408 770 Tabula
435 711 613 788 coquorum
641 689 771 770 falisca.
835 694 889 767 Vl
914 695 1061 768 saeculo.

59 909 291 1005 Ammo

327 1042 434 1115 Iouei
461 1041 622 1114 Iunones
648 1040 836 1114 Mineruni

115 1166 267 1240 Fnie'sce
297 1168 382 1260 quei
410 1171 449 1238 1'n
477 1166 649 1239 Sardinia
675 1165 764 1238 sunt
792 1167 933 1239 donum
962 1155 1160 1241 dederunt.

150 1284 426 1351 nncrsrunrs·
450 1286 484 1348 r·
508 1283 702 1350 termus
725 1285 771 1350 K·
794 1285 834 1349 r·
857 1285 895 1350 o·
917 1283 1119 1368 snrveun·

342 1390 516 1457 VOI'TAI·
539 1391 564 1456 F
584 1389 586 1477 i
606 1390 932 1457 GOIRAVERONT·
1040 1493 1042 1497 y

61 1594 225 1689 Aperte
253 1593 283 1665 b.

117 1726 339 1819 Gonlegirim
371 1727 470 1819 quod
500 1724 559 1798 cst
586 1730 754 1820 uciptum
783 1728 926 1799 aetutei
954 1726 1103 1822 ageidae,

61 1851 82 1893 ‘¹‘
118 1851 316 1945 opiparum
344 1852 392 1922 td
422 1851 653 1943 quolundarn
708 1854 851 1923 ueitam
880 1850 1034 1944 diesque
1062 1852 1195 1941 seston,

117 1977 203 2070 quei
236 1966 357 2048 simois
385 1976 553 2047 astritieis
608 1976 770 2068 opidque
799 1975 959 2069 Volgeni
1206 1989 1231 2042 5.

29 2189 32 2195 ,
120 2098 379 2196 gonde'corant
407 2099 607 2196 suiptsunre
663 2092 850 2172 comuiuiti
878 2099 1088 2194 lcidosque:

117 2223 303 2318 ququeits)
332 2224 403 2297 huc
432 2223 615 2314 dederunt
669 2223 950 2316 inperatoribus
979 2225 1159 2299 summeis

116 2352 197 2422 utet
223 2348 331 2422 sesed
361 2349 526 2420 iubentis
580 2347 671 2441 bene
700 2347 834 2422 iouent
863 2351 1043 2444 optentis.

63 2578 161 2640 inem
185 2583 266 2639 med
290 2582 332 2639 itu
356 2582 540 2640 scanduntur
562 2584 599 2640 ut
623 2584 711 2657 ''cgo
735 2581 832 2639 enim
857 2601 890 2639 ea
913 2583 1118 2657 perficiam
1135 2587 1232 2643 ntrne

59 2689 161 2729 amore
185 2670 358 2746 expediam”
383 2670 514 2728 Lucilius
543 2690 590 2745 ep.
614 2670 693 2729 Non.
719 2671 792 2727 292.
819 2670 970 2730 28:36
995 2665 1073 2730 Luc.
1098 2667 1137 2730 M
1158 2667 1232 2746 ('ea'

62 2755 187 2837 scripsi,
211 2760 230 2816 i.
256 2779 280 2817 e.
307 2763 350 2817 'ea
373 2756 430 2816 uia
452 2778 498 2816 me
522 2760 702 2835 expediam':
727 2779 764 2816 an
788 2754 898 2835 libem
921 2761 958 2818 cf.
984 2761 1094 2819 Pocuu.
1113 2761 1176 2820 204
1193 2757 1231 2820 R.

64 2853 96 2907 et
133 2849 205 2906 haec
238 2848 331 2907 uerba
368 2848 531 2906 '’duenos
566 2848 633 2907 med
663 2848 749 2906 feked
772 2867 807 2906 en
831 2868 975 2908 manem
998 2850 1093 2908 einom
1117 2851 1232 2910 dueno

59 2937 109 2995 ine
144 2938 210 2995 med
238 2957 347 2995 mano
382 2937 502 2995 statod’'
538 2937 638 2994 additu
674 2941 744 2994 sunt
767 2937 837 2995 boni
860 2937 963 2997 ominis
988 2957 1085 2998 causo.
1132 2940 1231 2998 simili-

61 3030 109 3098 ter
143 3026 217 3084 Octo
254 3027 289 3084 de
325 3046 351 3083 a.
387 3045 412 3084 c.
450 3045 474 3084 c.
505 3025 564 3084 141
591 3026 656 3102 egri
679 3026 885 3084 lustrationem
909 3027 1025 3086 orditur
1047 3028 1091 3086 his
1114 3029 1230 3088 uerbis:

64 3113 164 3172 ”Cum
199 3115 275 3173 diuis
308 3115 478 3174 uolentibus
513 3115 651 3190 quodque
674 3116 748 3173 bene
772 3115 898 3184 eueniat,
922 3117 1030 3176 mando
1053 3116 1109 3176 tibi
1131 3118 1232 3176 Meni

62 3203 111 3261 uti
134 3203 219 3262 itlace
242 3204 489 3274 suouetaurilia’',
514 3207 545 3262 et
567 3223 596 3279 q.
620 3223 665 3279 sq.

169 3286 202 3351 4.
250 3291 324 3351 CIL.
349 3293 392 3351 XI
415 3292 512 3351 3078.
559 3312 626 3351 cum
650 3312 684 3351 ea
707 3292 906 3369 recognitione
929 3294 1093 3358 Burmanni
1118 3296 1232 3354 contuli

60 3381 152 3458 imag.
180 3381 302 3458 lithogr.
325 3380 446 3440 Deeckii
468 3382 488 3438 l.
514 3382 549 3440 de
572 3381 636 3439 Far.
662 3381 793 3440 additam
817 3384 847 3439 et
871 3381 992 3442 Genucii
1016 3382 1088 3459 Syll.
1114 3385 1176 3443 558
1201 3389 1233 3443 et

62 3469 137 3539 557,
163 3489 251 3545 quem
273 3490 335 3546 seq.
360 3469 472 3528 Zvetei.
497 3469 521 3528 1.
545 3469 570 3528 I.
594 3471 635 3528 M.
656 3471 786 3529 70er1·
807 3472 832 3529 l·
855 3470 958 3533 1272.
1000 3472 1232 3532 stichometriam

60 3558 260 3634 inscriptionis
295 3559 414 3629 retinui,
460 3558 516 3618 nisi
550 3559 791 3655 Megtlsruffls
826 3558 864 3617 ad
898 3561 1015 3620 nomina
1054 3562 1231 3638 quibuscum

59 3665 200 3724 cohaeret
223 3666 340 3724 deduxi.
367 3697 405 3705 -
431 3661 510 3724 usi.
527 3665 636 3744 Iouei
652 3669 682 3724 et
697 3683 733 3762 er
753 3663 783 3724 5.
808 3640 938 3746 stnKis
955 3672 1091 3745 correpto
1106 3668 1230 3739 ultima;

59 3771 197 3830 similiter
208 3771 277 3832 Sors
291 3773 319 3830 3.
335 3772 498 3849 'permultis
510 3792 641 3850 prosum,
651 3775 698 3832 ub
707 3774 740 3831 ei
762 3773 888 3848 profui’;
913 3775 977 3833 ded.
994 3775 1130 3834 Mummii
1144 3775 1230 3835 Reat.

61 3878 138 3938 ult.
161 3878 205 3936 IX
228 3879 325 3937 4672.
345 3881 360 3938 1
382 3881 435 3938 'De
452 3882 575 3939 decuma
591 3881 696 3940 Victor
711 3853 810 3939 tibei
825 3880 935 3939 Lucius
951 3882 1082 3940 Mumius
1098 3882 1230 3941 donum’.

65 4003 101 4010 —
141 3968 181 4027 cf.
218 3969 318 4026 Plout.
346 3970 434 4028 Most.
460 3970 522 4027 243
549 3969 671 4046 ’Edepol
694 3970 718 4028 si
741 3988 856 4028 summo
879 3964 969 4029 Ioui
991 3970 1084 4029 boues
1107 3973 1231 4046 argento

63 4072 96 4115 eo
131 4057 372 4124 sacrufieassem’.
419 4059 498 4118 Men.
533 4057 593 4117 941
621 4061 675 4117 ’At
703 4077 758 4136 ego
780 4061 810 4117 te
833 4061 947 4117 sacrtm
970 4077 1108 4123 coronam
1131 4059 1231 4118 surru-

62 4145 161 4221 puisse
196 4140 284 4205 Ioui
318 4143 399 4206 scio'.
443 4181 475 4190 -
514 4164 546 4205 u.
583 4143 612 4206 4.
637 4148 709 4206 ordo
731 4147 892 4206 uerborum
916 4147 1110 4223 perturbatus
1134 4150 1178 4206 est
1200 4149 1232 4206 in

61 4234 173 4292 lamina
197 4236 393 4312 neglegentia,
418 4240 453 4295 ut
474 4236 548 4306 uid„
572 4236 673 4295 fabrili
688 4236 745 4295 sic:
763 4235 980 4294 OPlPARUM·
1002 4236 1058 4294 AD
1076 4236 1232 4295 VEITAM

62 4317 314 4392 QVOWNDAM
337 4323 561 4394 Fnsroscvn
585 4324 685 4384 DIES.
713 4359 748 4369 -
774 4341 807 4386 u.
832 4322 861 4382 5.
886 4323 1033 4397 actutieis]
1061 4318 1230 4402 Garueiuu
