2910 4778
242 300 312 348 CLII
696 301 741 347 DE
760 300 967 347 snnnnnrnn.

242 493 354 535 norum
377 472 545 536 transferri
568 473 740 555 potuerint,
753 477 867 556 poetae
890 472 914 536 ii
937 471 1030 556 lyrici
1047 471 1102 556 qui
1117 471 1250 537 liberae
1272 471 1417 554 reipubli-

242 608 298 650 cae
322 587 520 671 temporibus
543 587 719 653 floruerunt
742 589 819 672 quia
841 589 942 653 ferme
966 610 1028 652 non
1044 592 1137 651 erant
1154 587 1205 652 ita
1221 588 1295 652 noti
1309 609 1413 671 aequa·

241 702 326 768 libus
362 709 396 767 nt
430 725 541 769 uersus
576 726 686 768 aarum
720 726 779 769 usu
802 704 893 788 uulgi
915 707 1106 784 tererentur,
1130 702 1196 769 hoc
1218 703 1295 770 loco
1318 726 1412 769 eamn

242 820 397 883 rationem
421 818 540 883 habere
564 841 626 883 non
646 821 807 884 debemus.
842 825 966 883 restant
981 819 1082 904 igitur
1097 823 1131 883 et
1147 825 1271 903 poetae
1288 820 1410 885 scaenici

242 938 275 999 et
298 957 338 998 ex
361 935 401 998 iis
425 936 480 1018 qui
503 940 652 1019 poemata
675 935 883 1000 condiderant
906 934 1102 1000 hexametris
1119 936 1287 1019 imprimis
1303 936 1411 1001 Ennius

242 1053 275 1115 et
309 1050 461 1115 Lucilius.
508 1050 622 1115 horum
657 1051 756 1135 igitur
783 1055 950 1134 poetarum
974 1072 1085 1115 uersus
1108 1050 1210 1136 uulgo
1237 1052 1293 1116 uel
1315 1052 1410 1116 audie-

241 1168 358 1231 bantur
380 1168 432 1231 uel
456 1168 693 1231 lectitabantur.
730 1188 842 1230 uerum
864 1170 983 1245 tomen,
1007 1166 1091 1250 quod
1108 1166 1148 1229 ad
1166 1189 1285 1231 uersus
1301 1168 1409 1232 scaeni-

242 1304 351 1346 corum
387 1284 511 1361 attinet,
547 1307 566 1346 a
595 1305 727 1346 numero
751 1304 858 1347 eorum
882 1304 1031 1346 uersuum
1055 1283 1140 1347 unde
1163 1285 1342 1366 prouerbia
1361 1307 1411 1368 po·-

241 1404 383 1498 tuerunt
404 1400 486 1463 sumi
521 1399 713 1484 segregandi
738 1402 811 1462 sunt
835 1421 945 1463 uersus
969 1399 1177 1464 canticorum.
1226 1422 1313 1480 nam,
1337 1400 1408 1485 quad

242 1516 468 1579 animaduertit
493 1514 704 1579 Sclmeirlerus
729 1515 767 1577 de
804 1515 982 1597 prouerbiis
1013 1514 1172 1579 Plautinis
1199 1514 1412 1581 Terentianis*

241 1653 303 1714 que
337 1630 443 1695 Berol.
481 1632 567 1695 1878
598 1654 629 1714 p.
653 1632 696 1695 47
722 1635 754 1694 et
776 1631 1025 1715 peruestigando
1050 1631 1176 1696 fabulas
1201 1633 1357 1716 comperi,
1377 1633 1410 1698 in

242 1748 419 1810 canticis
454 1747 622 1832 generales
657 1747 834 1811 sententiae
866 1752 940 1810 sunt
963 1748 1099 1831 aliquae,
1123 1769 1225 1812 uera
1249 1770 1412 1832 prouer-

242 1863 307 1927 bia
330 1863 453 1928 nulla.
500 1864 533 1926 in
562 1863 776 1945 diuerbiisque
807 1863 910 1927 locum
934 1862 1055 1927 habent
1077 1851 1312 1946 prouerbia,'i.
1336 1865 1410 1929 cin

241 1980 421 2041 senariis
445 1983 478 2042 et
501 1979 766 2062 septenariis.
811 1979 1026 2042 excluduntur
1049 1979 1150 2063 igitur
1173 1980 1216 2043 ab
1241 1979 1305 2044 hac
1321 2002 1412 2064 quae*

241 2095 343 2158 stione
367 2095 521 2158 octonarii
544 2116 718 2177 uersasque
742 2094 835 2178 lyrici
858 2095 1085 2158 scaenicorum.

349 2211 400 2275 Ex
433 2211 484 2274 his
518 2212 619 2293 igitur
653 2232 734 2293 quae
762 2211 825 2273 iam
850 2211 1011 2293 disputata
1034 2213 1108 2274 sunt
1131 2211 1282 2293 efficitur,
1307 2213 1336 2277 si
1357 2235 1411 2297 qua

240 2327 480 2410 prouerbiorum
505 2328 536 2390 in
561 2328 706 2391 uersibus
722 2326 839 2390 italicis
855 2327 995 2410 antiquis
1012 2350 1031 2389 a
1046 2349 1096 2389 me
1113 2327 1276 2393 editorum
1293 2334 1410 2413 sumpta

240 2447 313 2506 sunt
349 2466 367 2505 a
401 2443 545 2507 uersibus
569 2447 736 2526 poetarum
759 2442 814 2524 qui
838 2443 1036 2526 graecanicis
1061 2444 1110 2506 usi
1133 2449 1209 2507 sunt
1234 2445 1358 2525 metris,
1378 2467 1409 2508 ea

238 2559 409 2641 prouerbio
434 2559 568 2621 frusta
592 2580 677 2621 esse
702 2562 771 2621 aut
793 2557 1410 2625 hexametrorumautsenario·

239 2696 322 2737 rum
346 2674 734 2757 septenariorumue.

346 2787 460 2871 Itaque
491 2790 682 2873 quicumque
705 2790 830 2853 numeri
852 2790 1093 2872 prouerbiorum
1120 2794 1321 2874 anapaestici
1344 2795 1407 2857 dac-

239 2905 329 2988 tylici
364 2905 540 2989 logaoedici
575 2928 637 2969 non
672 2909 805 2988 possunt
828 2928 895 2969 esse
920 2906 1023 2969 frusta
1046 2906 1238 2983 hexametri,
1262 2909 1287 2972 ii
1313 2910 1405 2973 dome·

239 3022 310 3084 stici
334 3022 468 3103 putandi
493 3026 575 3100 sunt,
600 3043 663 3084 non
687 3021 880 3103 graecanici.
927 3022 995 3085 eius
1019 3022 1147 3103 generis
1172 3027 1222 3085 est
1245 3022 1334 3089 Sent.
1355 3023 1403 3088 aa·
1447 3068 1449 3083 .

238 3137 368 3199 toniana
402 3137 458 3200 illa
492 3136 568 3200 lle'ra
600 3142 674 3212 tart,
700 3136 796 3199 ua'rlu
819 3138 997 3220 acquantum·
1020 3135 1106 3201 Sent.
1132 3139 1174 3201 20
1200 3138 1278 3203 Noa
1301 3141 1403 3222 sa'rrrpa·

238 3250 426 3315 Saturnalia
449 3262 560 3332 a·uut,·
584 3252 622 3314 21
651 3253 712 3331 Qui
734 3254 860 3316 asiuuiu
883 3274 945 3316 aaa
968 3260 1062 3336 potest
1085 3260 1220 3316 stratum
1237 3256 1353 3335 caedit·
1368 3253 1399 3315 18

245 3365 343 3429 Unam
368 3367 432 3430 atria
456 3368 590 3431 elidenda
613 3370 709 3431 rurria
732 3368 788 3449 fit,·
811 3370 852 3433 39
871 3367 983 3431 Bonae
998 3369 1108 3431 azarias
1123 3369 1214 3432 sorar
1223 3376 1400 3455 paupertas*

240 3483 280 3546 37
307 3482 465 3560 Quartum
488 3484 609 3547 lactatis
633 3484 739 3547 trinitus
763 3486 845 3564 eris,·
869 3484 909 3546 62
936 3483 1076 3547 Hiberna
1088 3458 1221 3561 perluere
1237 3486 1304 3549 luta
1319 3502 1397 3549 uano

240 3593 404 3682 {prandia
437 3599 542 3680 farra,
578 3601 708 3679 caraille,
736 3602 847 3680 'arcetur
880 3601 931 3664 58.
968 3601 986 3662 2
1022 3601 1094 3663 sa'ra
1129 3621 1301 3686 numquam
1334 3600 1397 3687 quia

239 3714 324 3776 arula
347 3716 397 3777 sit.

345 3829 424 3894 Sunt
459 3831 582 3913 periodi
618 3832 774 3895 iambicae
811 3836 842 3896 et
876 3831 1058 3897 trochaicae
1087 3833 1310 3915 prouerbiales
1331 3849 1398 3916 quae

237 3946 462 4029 compositione
480 3948 695 4011 membrorum
711 3948 891 4011 differente
907 3948 1052 4013 uersibus
1069 3949 1305 4015 scaenicorum:
1323 3948 1401 4013 Sent.

238 4064 279 4126 54
315 4063 407 4125 Nihil
444 4060 526 4143 (Nil)
557 4084 626 4125 carra
648 4063 763 4143 fidibus
784 4066 945 4147 proculcat
965 4066 969 4146 Ι
991 4064 1071 4127 irata
1095 4064 1165 4141 (nil)
1190 4087 1261 4128 caua
1285 4082 1400 4129 amara·

236 4179 304 4242 cirea
327 4181 398 4258 sui,·
433 4178 474 4241 56
521 4179 561 4241 Ia
590 4178 652 4242 (ilio
670 4181 852 4262 pedicularia
877 4182 963 4245 arides
985 4183 988 4259 l
1010 4183 1043 4244 ia
1067 4187 1094 4244 le
1117 4182 1256 4244 ricinum
1279 4182 1339 4247 arua
1361 4179 1401 4242 ui·

236 4295 288 4358 clas
299 4317 312 4374 ,·
343 4295 383 4358 57
417 4293 617 4359 Corcillumst
644 4296 727 4378 quod
748 4295 884 4360 terranis
905 4298 985 4378 facil
1005 4297 1010 4378 l
1031 4299 1129 4361 catera
1154 4298 1328 4383 quisquilia
1350 4297 1404 4361 lar-

554 4544 565 4581 t
