2910 4778
614 319 817 368 senissima.

352 472 479 545 Sabini
507 471 608 566 qudd
634 472 770 545 uolunt
798 471 1004 545 sdmnidnt.

351 597 496 691 Ubique
524 597 671 671 medius
697 580 822 670 edelus
851 602 921 670 est.

351 724 384 794 Α
411 723 508 795 lasso
538 723 619 794 rixa
647 723 853 815 quaeritur.

350 847 517 941 largitio
546 847 704 919 fundum
732 845 810 919 non
838 847 965 920 habet.

352 971 470 1045 Porta
497 972 626 1044 itineri
653 972 873 1065 longissima
900 976 970 1045 est.

352 1095 564 1170 Necessitate
592 1101 697 1169 caret
724 1095 839 1169 feriis,

355 1220 557 1292 Tardumst
586 1220 736 1293 differre
766 1219 865 1314 qudd
893 1220 1030 1314 placet.

352 1345 440 1418 Non
467 1345 580 1439 turpe
608 1350 666 1417 est
695 1346 795 1438 quod
824 1345 997 1418 dominus
1026 1348 1148 1437 iubet,

356 1469 551 1542 Summiim
580 1471 637 1542 ius
665 1494 812 1542 summa
839 1470 990 1543 iniuria.

247 1687 281 1753 5.
328 1693 465 1751 Festus
488 1714 518 1768 p.
543 1693 606 1750 458
634 1687 691 1750 111.
713 1687 750 1750 (lc
773 1685 862 1761 Pon„
881 1693 943 1750 325
961 1687 1005 1751 M
1017 1685 1292 1773 '’'Sabiniquol

142 1778 287 1841 coelunt
320 1776 532 1839 sornuinut'
556 1783 644 1840 uetus
666 1782 914 1858 prouerbium
940 1799 1004 1841 esse
1026 1785 1056 1841 ct
1078 1779 1153 1843 inde
1173 1800 1294 1843 manuue
1328 1766 1331 1883 1

142 1868 187 1930 uit
221 1871 382 1930 Sinnius
418 1869 555 1946 Capito
589 1865 671 1949 quod
697 1865 942 1950 quotiescumque
964 1868 1152 1932 sacrificium
1174 1880 1294 1951 propter·
1327 1890 1331 1955 1

141 1958 228 2020 crium
249 1954 346 2037 ficet,
370 1954 523 2017 lrorrrinem
546 1959 688 2018 Sabinum
712 1963 744 2018 at
767 1954 848 2016 illud
871 1954 1014 2018 adhibere
1036 1955 1195 2036 sotebaut;
1211 1992 1245 2003 —
1260 1992 1290 2001 —

147 2072 180 2094 ·-
212 2085 246 2093 -
273 2043 355 2107 recede
376 2044 497 2106 ineruisse
519 2044 635 2106 (licitur
650 2050 679 2106 in
696 2048 944 2124 prouerbium
962 2042 1095 2108 Sabinos
1111 2047 1216 2110 solitos
1229 2045 1295 2131 quood

141 2140 288 2197 uellent
322 2127 528 2197 somniur·e’'.
570 2171 601 2179 -
642 2138 748 2196 Misere
775 2142 915 2196 truncata
939 2137 1019 2196 Festi
1043 2139 1140 2198 uerba
1163 2140 1296 2217 suppleuit

142 2227 282 2303 Scaliger,
307 2231 337 2284 et
360 2228 488 2302 quidem,
513 2227 593 2302 quod
616 2227 653 2284 ad
675 2227 869 2303 prouerbium
893 2227 1010 2296 attinet,
1034 2246 1093 2287 non
1111 2230 1200 2288 modo
1215 2233 1294 2297 acute,

141 2317 192 2374 sed
226 2315 316 2374 etiam
339 2320 431 2374 certo.
473 2334 542 2373 nam
565 2317 770 2391 percommode
794 2315 900 2374 accidit
924 2316 1004 2393 quod
1027 2335 1107 2392 quae
1131 2319 1225 2378 altero
1244 2319 1297 2377 loco

142 2407 250 2464 desunt
272 2424 306 2462 ea
329 2412 449 2462 seruata
471 2410 543 2463 sunt
566 2405 670 2464 altero.
700 2438 734 2449 -·
760 2403 901 2464 uoliint
924 2423 979 2480 pro
1001 2406 1185 2482 pyrrhichio.

248 2488 282 2554 6.
328 2493 534 2552 Petronius
558 2513 582 2552 c.
608 2495 660 2552 45.
709 2497 788 2552 ”non
811 2494 993 2553 mehercules
1015 2495 1117 2571 patria
1137 2494 1297 2555 meliordici

141 2587 240 2660 potest
263 2583 286 2641 si
310 2582 441 2641 homines
464 2583 596 2641 haberet.
642 2583 693 2641 sed
716 2583 834 2642 laborat
848 2584 904 2641 hoe
921 2587 1064 2659 ternpore,
1081 2604 1138 2645 nee
1153 2586 1224 2645 haec
1237 2585 1297 2644 sola.

145 2692 204 2732 non
227 2673 367 2730 debemus
391 2671 508 2730 delicati
531 2690 608 2730 esse:
635 2664 756 2747 'ubique
778 2693 818 2730 m.
843 2691 868 2731 c.
892 2676 957 2731 e.'”

248 2756 281 2823 7.
327 2760 466 2819 Seneca
501 2761 536 2818 de
571 2760 620 2818 lra
655 2761 754 2820 1119.
781 2765 798 2819 5
824 2754 865 2819 G.
913 2761 1055 2821 ”Uetus
1079 2762 1296 2823 dictumest:

144 2854 182 2911 'a.
205 2852 226 2908 l.
250 2870 276 2910 r.
300 2853 369 2927 q.”'
416 2850 453 2908 cf.
478 2849 591 2908 Plinius
614 2851 643 2908 h.
669 2870 697 2907 n.
722 2850 808 2908 XXlI
831 2849 847 2919 ξ
873 2848 946 2908 111.

247 2933 282 3000 8.
329 2938 461 2998 Cicero
496 2939 531 2996 de
566 2939 784 3007 off.11.§55
810 2938 957 2998 ”Omnino
979 2939 1147 2999 meminisse
1169 2941 1294 3000 debemus

142 3029 182 3099 id,
217 3029 298 3104 qnod
333 3048 350 3086 a
373 3029 481 3087 nostris
504 3027 671 3086 hominibus
694 3028 861 3104 saepissime
884 3033 1063 3104 usurpatum
1086 3029 1147 3087 iam
1170 3030 1200 3088 in
1223 3046 1296 3105 pro·

142 3117 268 3176 uerbii
304 3117 621 3175 consuetudinem
654 3117 778 3175 uenit:
816 3119 846 3175 'l.
881 3119 902 3175 1.
931 3138 959 3175 n.
984 3118 1050 3174 h.'”
1077 3148 1120 3157 —
1144 3112 1298 3194 largitio

142 3205 279 3265 ultimam
302 3206 332 3263 in
356 3211 515 3282 anapaesto
537 3207 612 3282 pede
640 3241 674 3248 —
702 3226 771 3263 narn
793 3225 897 3265 uersus
921 3210 966 3264 est
980 3206 1172 3282 logaoedieus
1191 3237 1229 3247 -
1244 3224 1295 3265 cor·

142 3295 223 3372 cipit.
271 3295 307 3353 cf.
333 3295 368 3352 de
391 3314 425 3352 ea
448 3314 480 3353 re
504 3294 525 3353 0
550 3295 573 3353 F
597 3296 723 3354 Mueller
745 3314 823 3371 pros
848 3295 912 3353 404
935 3313 980 3370 sq.
1003 3294 1135 3372 Spengel
1148 3286 1297 3374 ’Reform'

144 3383 207 3442 313
232 3402 276 3458 sq.

250 3467 284 3532 9.
330 3472 453 3532 Varro
487 3492 512 3531 r.
547 3493 572 3531 r.
607 3474 621 3531 I
658 3475 688 3530 2.
727 3474 743 3530 2
781 3473 886 3543 ”Sane,
914 3472 1012 3549 inquit
1034 3473 1148 3550 Agrius
1172 3477 1203 3533 et
1223 3470 1295 3533 simul

144 3561 276 3640 cogitans
312 3565 469 3638 ’portam
493 3562 636 3620 itineri'
670 3562 745 3621 dici
771 3562 1044 3638 ’longissimam
1066 3565 1160 3621 esse'
1185 3563 1222 3621 ad
1242 3560 1296 3620 sub·

143 3651 226 3711 sellia
249 3652 440 3726 sequentibus
463 3651 547 3710 nobis
570 3652 736 3727 procedit’'.
788 3686 792 3693 ‹

252 3735 309 3800 10.
355 3740 555 3799 Palladius
585 3741 653 3800 16.
681 3740 709 3799 i.
735 3740 794 3797 ”N.
819 3741 838 3797 1.
864 3744 911 3798 e.”
937 3769 976 3779 -
1001 3735 1193 3818 transposui.
1229 3731 1296 3799 omit

143 3833 176 3902 s.,
199 3849 259 3889 uox
281 3829 406 3888 iambica
429 3829 594 3889 breuiatur.

252 3912 310 3978 11.
355 3918 562 3977 Petronius
587 3938 611 3977 c.
639 3919 689 3977 10.
738 3912 795 3978 12.
840 3917 990 3975 ldemc.
1018 3917 1068 3977 75.

252 4001 308 4067 13.
355 4005 487 4066 Cicero
523 4008 558 4065 de
592 4007 699 4066 Officiis
734 4007 748 4065 l
784 4008 799 4077 ἓ
827 4007 879 4064 33.
927 4005 1090 4065 ”Existunt
1113 4008 1204 4067 etiam
1224 4019 1292 4079 saepe

142 4096 267 4155 iniuriae
290 4096 438 4156 calumnia
462 4097 590 4172 quadam
614 4099 644 4155 et
667 4097 752 4155 nimis
776 4097 881 4155 callide
904 4095 955 4153 sed
971 4095 1121 4155 malitiosa
1135 4096 1208 4156 iuris
1220 4096 1290 4154 inter·

143 4185 320 4262 pretatione,
346 4205 381 4244 ex
405 4204 464 4261 quo
487 4186 562 4244 illud
586 4185 784 4245 ’Summum
808 4186 827 4243 i.
851 4204 876 4243 s.
898 4183 930 4242 i.'
953 4185 1065 4243 factum
1092 4189 1138 4245 est
1160 4186 1216 4245 iam
1236 4178 1292 4243 tri·

142 4280 221 4334 tum
244 4294 416 4334 sermone
439 4275 720 4351 prouerbium”.
768 4275 805 4334 ci.
830 4274 896 4332 Ter.
920 4273 1030 4333 Heaut.
1056 4273 1132 4335 795.
