2910 4778
206 303 292 349 LVIII
708 302 753 348 DE
772 301 870 349 GOMP.

316 472 550 559 Ithyphallicus
574 476 690 550 autem,
715 496 810 558 quem
833 472 855 539 b
879 474 988 538 littera
1003 473 1181 537 minuscula
1195 473 1381 558 significare

206 592 302 670 soleo,
336 613 399 655 non
433 591 537 675 magis
561 591 644 673 apud
668 589 817 654 Plautum
840 612 936 673 quam
960 591 1045 672 apud
1069 593 1212 654 auctores
1237 590 1380 654 scenicos

208 729 341 792 graecos
375 708 456 768 κατὰ
491 709 592 790 στίχον
627 706 771 771 iteratur.
817 707 902 790 quod
933 709 1042 770 contra
1065 728 1160 789 saepe
1184 706 1320 769 iteratur
1344 727 1381 770 eo

207 825 300 887 modo
335 823 370 886 in
405 822 598 887 carminibus
633 822 812 887 domesticis
848 843 1060 886 romanorum.
1107 828 1268 905 postremo
1299 820 1381 886 haec

208 961 327 1023 genera
362 938 596 1022 compositionis
630 938 663 1001 in
699 937 893 1002 carminibus
924 937 1039 1001 italicis
1064 936 1202 1020 antiquis
1227 939 1383 1021 usurpata

207 1059 291 1133 sunt,
327 1055 411 1138 apud
445 1053 605 1132 Plautum,
630 1058 665 1118 ut
691 1077 752 1118 non
777 1055 880 1118 dicum
904 1057 1025 1118 ceteros
1048 1057 1170 1136 poetas,
1193 1076 1256 1117 non
1281 1053 1379 1118 item:

208 1169 309 1251 a-t-b,
344 1169 511 1251 a†b-t-a,
542 1169 649 1252 Amr
668 1170 703 1252 ¹),
728 1169 837 1250 ad-A,
861 1168 969 1250 ΗΓΒ,
993 1167 1102 1249 b†B,
1126 1167 1233 1249 Bm,
1257 1168 1382 1248 badi-

208 1284 290 1374 pod.
326 1283 525 1366 trochi-b,
559 1284 757 1372 A†dipod.
792 1284 997 1366 troch.†a;
1032 1286 1100 1349 cola
1131 1307 1162 1363 a,
1185 1285 1220 1363 b,
1242 1284 1277 1352 A
1299 1305 1383 1352 cum

210 1399 399 1468 saturniis.
447 1401 525 1466 haec
561 1402 661 1487 igitur
695 1403 801 1466 omnia
834 1424 897 1465 non
932 1403 973 1466 ab
996 1399 1176 1466 imitatione
1200 1423 1257 1466 nec
1282 1401 1384 1466 Grae·

209 1541 318 1583 corum
352 1540 410 1582 ncc
446 1540 555 1583 eorum
589 1519 644 1602 qui
668 1517 797 1583 Graecis
821 1518 932 1582 metris
955 1518 1056 1581 latina
1080 1518 1222 1581 carmina
1245 1518 1384 1602 scripse-

211 1638 294 1712 runt,
319 1634 373 1698 sed
398 1636 438 1698 ab
462 1637 530 1698 arte
555 1634 728 1698 domestica
751 1634 918 1717 patriaque
942 1633 1088 1716 profecta
1111 1655 1179 1697 esse
1203 1636 1349 1717 possunt.

317 1749 425 1814 Etiam
460 1749 483 1812 ii
519 1751 573 1832 qui
609 1750 714 1834 elogia
748 1751 787 1813 31
825 1753 856 1813 et
890 1751 932 1813 32
956 1747 988 1813 II
1011 1750 1057 1813 ita
1081 1752 1327 1832 composuerunt
1350 1754 1386 1814 ut

211 1865 415 1948 quaternario
450 1865 602 1929 adderent
636 1865 797 1929 senarium
829 1866 935 1949 potius
970 1887 1090 1950 genera
1120 1866 1328 1929 nemaculum
1353 1869 1386 1930 et

212 1980 436 2066 graecanicum
471 1979 634 2044 miscuisse
662 1981 795 2063 putandi
820 1983 894 2044 sunt
917 2004 1013 2064 quam
1037 1984 1146 2064 poetas
1170 2002 1287 2065 graeca
1313 1986 1384 2046 arte

212 2097 350 2160 imbutos
386 2096 504 2160 imitati
540 2118 615 2159 esse.
663 2118 740 2179 quos
768 2097 795 2158 si
819 2099 924 2160 essent
947 2097 1075 2176 imitati,
1100 2097 1166 2160 sine
1190 2097 1286 2162 dubio
1311 2120 1386 2162 con·

211 2213 311 2276 trario
334 2212 442 2278 ordine
466 2233 614 2275 uersuum
638 2213 687 2275 usi
711 2216 826 2276 essent.

320 2324 1386 2412 IllaautemgeneraAA...,BB...,aa...‚Aa‚

213 2443 281 2517 Ab,
305 2441 358 2509 Bb
383 2465 453 2507 cum
478 2443 542 2507 sint
566 2443 745 2507 communia
767 2444 960 2508 carminibus
984 2445 1098 2528 patriis
1123 2450 1155 2508 ct
1178 2445 1386 2528 popularibus

215 2581 416 2624 romanorum
453 2580 525 2623 cum
559 2559 599 2623 iis
623 2559 816 2623 carminibus
839 2582 920 2643 quae
944 2560 1055 2623 metris
1079 2561 1277 2644 graecanicis
1301 2562 1387 2626 coin-

215 2675 321 2759 posita
356 2677 439 2754 sunt,
475 2675 535 2738 etsi
569 2675 713 2739 uidemus
748 2697 843 2758 quam
878 2676 1028 2760 exiguum
1061 2675 1202 2740 habeant
1224 2676 1330 2740 locum
1352 2677 1388 2741 in

214 2791 302 2874 poesi
337 2791 527 2876 graecanica
558 2791 734 2874 priscorum
769 2790 994 2870 Romanorum,
1023 2796 1129 2855 tamen
1154 2793 1388 2875 quodammodo

216 2907 368 2991 ambigua
402 2909 484 2970 sunt.
532 2908 738 2990 quamobrem
773 2907 811 2970 de
843 2929 1053 2990 unoquoque
1078 2930 1183 2971 eorum
1210 2909 1386 2972 carminum

215 3044 296 3105 quae
331 3023 377 3086 ita
411 3023 585 3106 composita
608 3026 691 3100 sunt,
717 3022 787 3086 aliis
810 3023 936 3086 iudiciis
961 3027 1055 3106 atque
1080 3024 1180 3106 signis
1205 3026 1388 3089 continetur

217 3138 415 3218 existimatiO‚
449 3142 555 3203 utrum
578 3139 723 3222 profecta
746 3139 810 3202 sint
833 3140 873 3203 ab
898 3141 965 3202 arte.
991 3139 1162 3203 domestica
1185 3162 1224 3203 au
1250 3141 1291 3204 ab
1314 3141 1390 3205 imi·

216 3254 335 3318 tatione
360 3276 467 3318 eorum
491 3259 657 3339 poetarum
681 3255 735 3338 qui
759 3255 869 3318 metris
893 3256 942 3318 usi
965 3258 1039 3318 sunt
1061 3255 1270 3341 graecanicis

330 3524 353 3601 ¹)
378 3527 483 3590 Graeci
517 3530 572 3605 ipsi
607 3550 726 3606 quoque
761 3551 819 3590 non
854 3531 941 3589 modo
975 3525 1066 3605 A-bb
1102 3529 1263 3588 sedetiam
1288 3524 1390 3605 A-t-B

216 3619 420 3695 usurpabant3
452 3620 532 3695 quud
555 3623 766 3679 commemorat
789 3619 990 3694 Westphalius
1014 3623 1100 3677 metr.
1120 3612 1134 3650 ⁸
1157 3639 1187 3694 p.
1213 3619 1287 3676 325.
1335 3638 1391 3679 nec

217 3713 317 3767 tamen
341 3708 505 3785 quidquam
529 3709 588 3768 tale
611 3708 764 3767 inuenitur
786 3709 817 3766 in
839 3708 921 3784 poesi
942 3708 1145 3766 Romanorum
1169 3707 1355 3783 graecanica.
