2910 4778
145 311 250 357 CLVIII
594 311 640 358 DE
658 310 864 357 suunnurns

144 505 205 567 que
240 488 307 549 tam
336 483 429 548 auide
461 486 496 547 ut
519 483 622 547 fonna
644 482 806 565 prouerbii
830 486 957 547 uetusta
980 485 1077 565 atque
1103 480 1231 546 usitata
1252 503 1326 565 prae

148 599 203 665 illa
226 605 431 683 sperneretur
453 600 668 664 obsolesceret
690 600 940 682 obruereturque
964 597 1140 663 obliuione.

250 713 313 779 Sed
337 720 465 780 transeo
488 716 528 779 ad
552 715 686 799 reliqua.

250 830 426 896 Catoniana
460 832 560 915 igitur
590 831 647 894 illa
687 830 763 894 Rem
799 838 874 910 tene,
902 829 996 894 uerbo
1018 829 1321 915 sequestraretur

143 950 202 1010 cito
235 948 264 1011 si
297 955 346 1011 sot
379 947 451 1010 terte
486 947 650 1011 domestici
678 946 805 1031 generis
829 967 898 1010 esse
922 946 1026 1029 ipsum
1050 944 1187 1010 Catonis
1210 967 1318 1010 nomon

144 1063 293 1127 ostendit.

250 1178 359 1243 Etiam
382 1179 502 1242 rustica
524 1181 708 1261 praecepta,
733 1176 820 1244 Sent.
845 1179 905 1252 26;
930 1179 991 1254 32;
1015 1178 1076 1255 523
1102 1176 1165 1254 58;
1191 1179 1244 1254 62,
1260 1199 1316 1242 non

144 1294 250 1358 studia
272 1298 449 1376 poetarum,
473 1293 529 1357 sed
559 1315 613 1357 rus
637 1297 669 1356 et
692 1293 872 1357 Mineruam
892 1296 1053 1377 agrestem
1068 1293 1234 1376 quandam
1250 1294 1318 1358 red·

142 1409 238 1473 olent.

249 1641 406 1725 Pleraque
441 1663 518 1705 uero
552 1663 663 1705 eorum
697 1641 939 1723 prouerbiornm
974 1663 1056 1724 quae
1091 1641 1180 1706 inter
1210 1663 1316 1707 uersus

141 1758 266 1821 italicos
301 1780 320 1821 a
353 1779 405 1820 me
441 1757 528 1821 edita
564 1761 638 1820 sunt
661 1760 814 1840 tanquam
837 1757 992 1840 impressa
1015 1758 1177 1841 quaedam
1199 1757 1316 1823 habeut

142 1874 244 1958 signa,
269 1874 384 1955 quibus
408 1876 565 1957 appareat
587 1896 626 1937 ea
649 1895 718 1936 esse
742 1895 803 1936 non
828 1896 847 1935 a
871 1873 973 1936 doctis
997 1873 1100 1956 poetis
1120 1873 1315 1951 elucubrata,

141 1990 196 2053 sed
231 2011 271 2053 ex
306 1990 374 2053 nita
407 1989 568 2054 communi
599 2011 768 2074 rerumque
792 2011 852 2052 usu
874 1992 953 2053 orta.
1000 2011 1063 2053 non
1087 2011 1152 2054 uno
1175 1990 1317 2074 profecto

141 2109 285 2188 tempore
320 2106 420 2169 effusa
455 2109 504 2169 est
538 2105 619 2169 haec
646 2106 757 2189 copia;
792 2127 851 2188 per
873 2106 1001 2169 saecula
1023 2105 1131 2188 prisca
1154 2105 1315 2171 hominum

141 2221 259 2285 tradita
292 2225 367 2284 sunt
402 2222 492 2305 quasi
528 2221 707 2285 hereditate
743 2243 781 2285 ea
814 2242 897 2304 quae
922 2221 1007 2286 dicta
1030 2242 1097 2285 esse
1122 2221 1316 2287 uidebantur

141 2337 330 2422 grauissime
366 2338 407 2401 ab
442 2337 624 2401 hominibus
658 2337 903 2420 sapientissimis
938 2340 971 2400 et
1004 2337 1265 2420 prudentissimis
1287 2341 1314 2402 et

140 2454 195 2537 qui
229 2475 354 2517 summa
387 2452 539 2516 florerent
562 2455 752 2517 auctoritate
770 2453 805 2534 ¹).
852 2452 1043 2516 effluxerunt
1066 2456 1176 2517 antem
1200 2455 1310 2518 menti-

140 2542 386 2635 bus'hominum
410 2569 566 2652 paulatim
589 2569 735 2654 longiora
758 2573 790 2632 et
813 2591 895 2652 quae
923 2591 985 2633 non
1009 2569 1087 2632 satis
1110 2572 1310 2635 commenda·

141 2690 252 2749 rentur
285 2685 445 2748 suauitate
480 2685 662 2749 uerborum.
709 2688 745 2747 ut
779 2706 923 2768 quaeque
959 2688 1065 2750 autem
1100 2685 1190 2750 dicta
1226 2690 1310 2750 erant

140 2801 343 2885 argutissime
380 2805 412 2864 et
446 2801 645 2879 breuissime,
668 2801 715 2864 ita
738 2800 876 2864 maxime
901 2804 1028 2865 seruata
1051 2804 1127 2865 sunt
1150 2802 1312 2867 hominum

140 2917 293 2981 memoria
316 2920 411 3002 atque
435 2916 666 2995 recordatione,
683 2918 874 3000 praesertim
891 2917 918 2981 si
934 2915 1085 3000 rhythmo
1101 2920 1135 2980 et
1151 2918 1307 2982 concinni-

140 3034 206 3095 tate
230 3033 338 3115 aliqua
361 3032 567 3096 ornabantur.
613 3032 692 3095 talin
727 3033 812 3095 eninr
835 3033 995 3097 mentibus
1018 3031 1187 3097 hominum
1211 3057 1245 3098 se
1266 3034 1308 3097 in·

140 3148 268 3213 sinuant
301 3148 438 3212 facilius.
485 3170 583 3231 quare
612 3153 660 3212 est
683 3149 823 3213 omnium
846 3149 1089 3231 prouerbiornm
1112 3150 1307 3233 popularium

140 3286 222 3346 quae
258 3268 396 3327 aetatem
429 3264 572 3327 tulerunt
607 3265 737 3347 propria
768 3269 884 3349 arguta
906 3264 1058 3341 breuitas‚
1082 3268 1119 3328 ut
1141 3266 1245 3330 maior
1265 3264 1307 3329 uis

139 3379 247 3444 uerbis
270 3379 312 3443 sit
334 3380 478 3445 subiecta
501 3402 597 3462 quam
621 3384 774 3464 quantum
798 3381 869 3464 ipsa
885 3402 991 3463 perse
1008 3380 1135 3458 ualent3
1153 3386 1203 3445 est
1219 3381 1308 3446 etiam

139 3495 173 3558 in
196 3495 235 3558 iis
259 3495 447 3578 simplicitas
470 3497 563 3560 modo
585 3497 692 3560 faceta
715 3497 807 3561 modo
832 3496 950 3581 grauia,
975 3497 1150 3580 eademque
1174 3498 1307 3582 ingenus

142 3615 174 3674 et
197 3611 342 3676 candida.
388 3633 425 3674 ac
456 3633 566 3676 sucum
589 3612 710 3677 habent
733 3617 766 3675 et
789 3613 978 3697 sanguinem
1001 3613 1095 3696 nique
1120 3615 1237 3699 uigent
1257 3635 1308 3677 na·

139 3727 246 3806 turali,
282 3749 364 3811 quae
399 3728 489 3791 deest
522 3728 710 3812 plerumque
744 3729 783 3792 iis
818 3730 985 3793 sententiis
1019 3752 1102 3813 quae
1131 3731 1307 3796 elaboratae

251 3906 277 3987 ¹)
300 3911 336 3969 Iu
370 3931 405 3970 co
439 3932 547 3989 genere
582 3912 727 3990 imprimis
751 3913 830 3972 inter
853 3913 1002 3974 Romanos
1024 3914 1166 3974 laudibus
1190 3915 1307 3992 posteri·

139 4000 210 4060 tatis
246 4001 413 4059 celebratus
449 4005 494 4060 est
529 4001 602 4061 Cato
629 4001 797 4072 Censorius,
822 4003 907 4062 onius
931 4004 1047 4079 aliquot
1070 4003 1151 4063 diota
1174 4006 1309 4064 feruntur

139 4094 201 4147 tam
236 4090 340 4148 diuina
374 4093 498 4166 tamque
532 4093 690 4167 popularia
724 4096 761 4151 ut
795 4092 856 4151 sint
878 4092 973 4152 instar
995 4093 1238 4168 prouerbiornm.
1283 4096 1310 4152 et

140 4179 275 4254 suspicor
298 4178 436 4255 equidem
461 4178 577 4249 Catoni,
603 4180 634 4238 id
657 4182 737 4256 quod
763 4181 793 4239 in
817 4182 871 4240 tali
896 4202 927 4240 re
950 4182 1013 4240 fieri
1029 4183 1116 4254 solet,
1144 4186 1181 4242 ut
1198 4182 1310 4243 auctori

138 4268 294 4344 locupleti,
319 4268 435 4327 tributa
460 4288 522 4328 esse
545 4269 625 4329 dicta
648 4271 792 4330 nonnulla
815 4271 948 4331 auctoris
971 4270 1086 4330 incerti.
