2910 4778
242 305 306 352 CXX
717 303 883 350 Excvusvs
902 303 937 349 II.

243 483 302 541 tius
337 502 443 541 comm.
479 483 544 540 crit.
580 503 610 558 p
636 481 772 539 257.-
802 480 959 539 Terentius
983 481 1079 539 Andr.
1104 481 1167 539 945
1195 480 1283 539 Heus
1309 479 1412 540 Ohre'

243 587 315 629 mes
350 572 430 646 quod
462 571 579 646 quaeris
609 571 789 630 Pasibulast.
836 562 1012 627 Pasibula?
1034 568 1141 645 Ipsdst.
1166 569 1325 629 Eastn-
1348 571 1412 630 Hec.

244 661 305 718 664
330 660 453 719 17666666
475 660 605 719 uidete'
597 681 666 729 ram,
691 655 891 719 naereses
878 662 949 716 6666
974 659 1138 734 Pamphile.

347 792 406 852 sits
429 810 487 871 pro
511 786 696 871 pyrrhichio
719 787 815 870 positi
830 787 954 850 nullum
970 789 1092 850 certum
1108 787 1301 870 exemplum
1317 791 1412 852 exstat

242 903 275 967 in
309 903 348 966 iis
373 902 427 988 qui
450 902 541 967 nobis
564 903 674 967 traditi
699 906 772 965 sunt
795 903 941 966 uersibus
964 903 1170 966 scenicorum.
1222 926 1411 988 quamquam

242 1019 376 1083 fortasse
411 1020 456 1082 ita
491 1019 665 1104 legendnm
700 1019 805 1082 estin
829 1017 909 1081 Acci
933 1041 1009 1081 arm.
1035 1019 1099 1082 iud.
1127 1019 1191 1082 156
1217 1019 1409 1084 R=Macn

242 1133 292 1200 Sa.
328 1134 374 1199 Vl
404 1137 432 1200 l.
458 1137 499 1199 58
525 1134 668 1199 '’Virtriti
692 1136 775 1198 6166
798 1157 857 1218 par
881 1136 989 1218 dispar
1014 1135 1149 1199 fortunis
1172 1134 1316 1218 patris”.
1361 1136 1409 1200 hoc

242 1253 378 1335 quodam
401 1253 494 1315 modo
517 1252 684 1335 dispicitur
707 1252 740 1313 in
763 1251 900 1314 lectione
925 1251 1041 1314 codicis
1065 1251 1152 1314 Med.
1177 1252 1205 1316 b.
1233 1251 1408 1316 'uirtutis

241 1366 317 1445 iis',
342 1390 413 1430 cum
437 1368 469 1431 in
495 1368 608 1430 ceteris
632 1367 721 1430 libris
745 1370 787 1429 sit
812 1367 995 1429 ’uirtutis
1020 1368 1073 1430 is'.
1100 1369 1140 1429 ’6.
1165 1369 1226 1430 616
1243 1370 1408 1451 pardis·

241 1486 324 1567 par’
360 1484 457 1568 uulgo
492 1484 640 1561 editores
674 1504 750 1545 sono
785 1482 916 1545 molesto
950 1485 1151 1567 ingratoque.
1200 1506 1278 1548 cum
1304 1488 1407 1563 autem,

241 1601 324 1683 quod
359 1600 427 1663 fieri
463 1599 552 1677 solet,
583 1599 687 1662 estin
712 1600 798 1661 exitu
823 1621 932 1662 uersus
957 1600 1068 1662 autin
1092 1599 1232 1664 confinio
1259 1603 1407 1666 membro-

241 1737 311 1778 rum
345 1715 580 1792 incouexorum,
616 1715 698 1777 sies
734 1720 782 1777 est
806 1715 917 1777 ultima
941 1716 1083 1797 ancipiti.
1130 1737 1230 1799 quare
1257 1741 1325 1781 non
1347 1719 1406 1802 plus

242 1831 362 1895 duobus
386 1831 462 1895 locis
486 1834 606 1907 certum
631 1829 714 1893 huuc
738 1831 910 1894 iambum
903 1833 1019 1894 inueni.
1067 1829 1162 1895 Plaut
1149 1835 1201 1895 tus
1228 1831 1330 1898 Poen.
1354 1835 1407 1898 143

241 1944 303 2010 Ubi
341 1945 510 2010 dissolutus
544 1950 579 2008 tri
615 1945 716 2025 6166,
752 1968 811 2029 ego
841 1947 1008 2029 pendeam.
1054 1947 1195 2011 Lucilius
1220 1949 1287 2014 inc.
1313 1949 1408 2016 2311

242 2091 283 2113 =
299 2064 361 2125 783
386 2061 420 2124 B
444 2060 602 2136 Quantum
627 2061 746 2126 habeas
768 2065 892 2125 tantum
908 2062 976 2145 ipse
993 2063 1074 2126 6166
1090 2064 1237 2147 tantique
1255 2064 1407 2130 habearis.

242 2179 297 2240 sed
332 2179 399 2240 ueri
423 2177 526 2240 simile
550 2177 658 2240 multis
682 2178 859 2260 priscorum
883 2182 1049 2261 poctarum
1072 2179 1160 2254 16616,
1187 2182 1309 2264 quibus
1332 2203 1407 2246 nuuc

242 2299 290 2356 est
312 2295 365 2372 sis,
390 2293 465 2356 olim
489 2293 587 2355 fuisse
611 2298 679 2356 6166.
726 2295 856 2356 namin
880 2294 971 2358 libris
996 2293 1188 2374 0666616616,
1213 2299 1302 2380 quod
1326 2299 1408 2362 docet

240 2407 381 2472 Weisius
405 2412 527 2493 quaest.
552 2407 661 2473 Calon.
686 2432 717 2492 p.
743 2411 795 2486 46,
820 2413 934 2493 quater
958 2414 1005 2473 666
1029 2412 1128 2488 6166,
1153 2434 1332 2496 numquam
1348 2417 1405 2477 sis.

240 2525 274 2594 in
307 2525 565 2608 inscriptionibus
589 2526 709 2589 liberae
733 2527 823 2610 reip,
849 2530 883 2588 ut
907 2549 1078 2609 numquam
1103 2528 1218 2607 siem,
1246 2530 1294 2594 ita
1316 2531 1407 2595 semel

240 2641 313 2704 sim
344 2638 411 2705 CIL
436 2638 452 2703 I
478 2642 561 2704 1220
587 2642 709 2704 6666616·
726 2642 876 2718 incertae,
901 2643 956 2705 sed
980 2665 1042 2706 666
1066 2647 1139 2706 aute
1163 2645 1307 2710 medium
1331 2668 1405 2710 saec.

240 2755 303 2820 Vll
334 2757 497 2840 scriptum.
543 2759 625 2820 sies
658 2763 705 2820 est
728 2759 761 2820 66
786 2759 917 2841 antiqua
941 2759 1079 2822 formula
1103 2782 1177 2823 arae
1201 2763 1407 2827 narbonensis

241 2869 309 2935 CIL
333 2871 405 2935 XII.
430 2874 527 2951 4333,
552 2873 645 2935 huius
669 2873 744 2936 libri
768 2896 799 2956 p.
824 2875 876 2938 49.
924 2874 980 2936 sit
1006 2877 1143 2958 primum
1169 2876 1203 2939 in
1223 2878 1310 2964 eleg.
1328 2878 1405 2962 Scip.

240 2987 396 3052 (Γπ-0111
420 2986 436 3051 Ι
460 2990 512 3064 34,
538 2990 620 3072 quod
644 2990 798 3072 scriptum
822 2995 870 3052 est
857 2987 966 3053 61111.
987 2992 1122 3055 sacculo
1170 2993 1407 3077 sintprimum

241 3103 308 3168 CIL
333 3103 348 3167 I
373 3107 490 3169 2046.
517 3128 545 3168 u.
571 3127 597 3169 c.
622 3104 833 3183 DLXXXIV,
859 3109 953 3169 antea
979 3128 1105 3190 semper
1128 3108 1406 3186 sie11t(Weisins

238 3219 260 3282 l.
285 3243 311 3283 c.
336 3243 367 3302 p
392 3222 457 3297 47).
505 3226 537 3284 et
560 3222 815 3304 quemquami
777 3220 872 3284 Plaut
858 3225 966 3285 ttuse
952 3221 1189 3286 tTerentii'rs
1182 3226 1406 3290 inexituuer·

239 3358 291 3400 sus
316 3338 400 3399 uocis
424 3336 518 3399 huius
542 3338 649 3420 stirpis
674 3337 838 3420 disyllabis
863 3339 908 3400 uti
934 3339 1114 3402 maluerunt
1137 3362 1234 3422 qurum
1252 3342 1406 3427 monosyl-

238 3453 332 3529 labis,
367 3453 449 3536 quod
485 3453 742 3516 demonstrarunt
777 3451 858 3517 eud
887 3454 1061 3518 Muellerus
1085 3477 1167 3538 pros
1193 3453 1225 3519 ΙΙ
1252 3458 1306 3537 83,
1333 3458 1405 3523 066-

238 3568 359 3632 radtius
383 3570 415 3632 66
433 3568 571 3631 Hermae
596 3570 657 3633 uol.
681 3569 711 3632 X
738 3571 799 3632 100
824 3592 905 3652 666,
930 3569 1119 3655 Spengelius
1143 3572 1184 3635 ad
1207 3571 1312 3636 Andr.
1338 3575 1404 3652 231,

238 3683 467 3768 Engelbrecht'
460 3707 507 3747 rus
541 3686 622 3747 stud
658 3683 840 3749 Terentiam.
877 3709 906 3768 p
945 3688 983 3749 51
1021 3709 1078 3769 sq,
1114 3683 1225 3749 item
1215 3711 1252 3751 m
1277 3693 1403 3754 exeunte

238 3822 333 3864 uersu
355 3801 436 3864 sies
460 3800 577 3863 Accius
602 3803 665 3864 310
689 3801 729 3879 a,
754 3801 851 3864 siem
868 3801 969 3866 Lucil.
987 3825 1037 3884 ap
1054 3801 1138 3866 Non.
1160 3804 1236 3868 353.
1261 3805 1301 3868 12
1306 3806 1404 3883 ,6161

238 3915 339 3979 Lucil.
364 3939 415 3998 ap
439 3913 522 3980 Non.
548 3918 666 3981 33l.9
707 3920 814 3979 tamen
839 3940 876 3981 eo
899 3941 961 3980 non
986 3919 1095 3981 efficit
1069 3922 1121 3982 tur
1145 3922 1257 4001 poetas
1282 3921 1383 3986 illos'
1376 3941 1403 3983 n1

238 4030 341 4094 medio
377 4034 431 4093 aut
462 4053 555 4094 uersu
580 4036 634 4094 aut
621 4032 859 4096 themistichio
883 4055 1009 4116 semper
1032 4056 1103 4097 usos
1128 4057 1196 4098 esse
1221 4037 1312 4105 sini
1337 4038 1400 4114 sis,

237 4147 291 4209 sit
324 4147 558 4231 monosyllabis.
606 4146 762 4211 Luchsius
793 4149 918 4230 quidem
944 4154 1030 4213 recte
1056 4150 1093 4212 de
1118 4150 1268 4216 uniuerso
1292 4175 1331 4217 eo
1353 4173 1401 4239 ge·

236 4282 311 4325 nere
347 4263 509 4344 disputare
545 4263 671 4326 uidetur
695 4262 782 4328 Stud.
808 4261 832 4326 1.
858 4287 888 4349 p.
914 4267 966 4344 32,
992 4266 1074 4348 quod
1098 4265 1282 4331 libertatem
1308 4290 1401 4352 quun·
