2910 4778
142 305 244 352 CCVIII
495 307 539 353 DE
558 307 720 354 COMPREG.
739 306 849 353 DEDIO.
869 305 959 352 SORR.

142 478 267 541 efficere
302 500 394 561 posse
422 479 565 543 membra
589 478 826 542 inconexorum.
873 478 956 561 quod
979 478 1014 541 in
1037 477 1233 542 carminibus
1254 478 1302 542 do·

142 594 293 671 mesticis,
319 598 353 656 ut
377 594 531 678 exemplis
554 595 717 677 probatur,
741 595 782 659 ab
807 593 1037 678 antiquissimis
1054 593 1210 658 Romanis
1224 615 1304 657 usur·

142 714 252 794 putum
278 713 326 772 est
349 732 407 793 per
429 710 592 793 complura
615 710 752 774 saecula.
798 716 866 773 tum
890 709 1102 773 enimomnes
1119 731 1304 773 uersuscar·

143 825 239 888 ruinis
264 824 427 890 Saturnios
444 826 616 902 faciebant,
636 830 705 889 tum
721 847 829 889 omnes
845 825 1034 905 monoculus,
1051 829 1123 889 tum
1141 825 1306 890 monocolos

143 941 322 1005 miscebant
345 939 513 1005 Saturniis

252 1116 320 1182 Iam
356 1123 485 1183 sortes
520 1120 547 1182 si
582 1122 667 1182 reete
703 1120 863 1183 dimensus
890 1141 969 1196 sum,
1004 1141 1070 1181 non
1094 1123 1203 1183 autem
1226 1140 1307 1203 posse

144 1234 253 1297 scandi
285 1235 378 1297 aliter
401 1235 550 1298 uidentur
574 1257 629 1298 eae
654 1257 732 1317 quas
757 1235 894 1299 editione
918 1235 1103 1318 complexus
1129 1258 1209 1314 sum,
1233 1239 1307 1298 certe

144 1372 209 1413 non
232 1355 307 1413 sunt
329 1350 508 1413 hexametri
527 1351 550 1426 ¹)
576 1387 616 1395 —-
641 1351 697 1414 sed
721 1351 747 1413 si
772 1351 925 1414 dimensio
949 1374 967 1413 a
991 1373 1042 1414 me
1065 1354 1227 1434 temptata
1242 1373 1308 1414 uera

145 1470 203 1543 est,
239 1467 370 1530 sortium
405 1467 525 1550 proprii
549 1467 624 1531 olim
649 1468 778 1530 fuerunt
801 1467 898 1530 iidem
921 1467 1046 1530 numeri
1070 1466 1125 1551 qui
1151 1466 1308 1530 uniuersae

145 1583 252 1666 poesis
276 1582 490 1646 Romanorum
515 1604 623 1646 sacrae
638 1581 675 1663 2).
722 1605 780 1646 nec
804 1605 879 1646 uero
903 1585 1152 1646 consentaneum
1175 1583 1239 1646 fuit
1254 1583 1309 1646 dis·

145 1721 277 1781 crepare
312 1698 370 1762 hos
405 1720 525 1773 uersus,
562 1720 639 1782 quos
676 1696 798 1761 ”Fauni
821 1703 972 1782 uatesque
997 1698 1191 1777 canebant”,
1216 1703 1252 1762 ut
1273 1699 1310 1761 ait
1339 1722 1342 1735 ·

146 1815 269 1878 Ennius
284 1814 322 1894 ³),
357 1815 398 1878 ab
432 1813 471 1876 iis
495 1814 610 1896 quibus
634 1814 723 1897 quasi
748 1813 866 1876 sanctis
890 1813 1097 1898 augustisque
1124 1808 1200 1878 deos
1221 1813 1311 1897 prisci

259 2036 283 2119 ¹)
308 2041 393 2100 Certe
428 2043 462 2105 si,
498 2046 533 2100 ut
568 2043 699 2101 iambum
734 2061 788 2118 pro
823 2043 1004 2119 pyrrhichio,
1029 2043 1073 2101 ita
1097 2043 1245 2102 creticum
1264 2062 1312 2119 pro

147 2133 266 2207 dactylo
301 2132 330 2188 in
366 2132 420 2189 hoc
449 2150 568 2206 quoque
591 2150 697 2206 genere
721 2151 830 2206 ponere
853 2132 980 2200 licuerit,
1004 2133 1178 2190 hexameter
1203 2132 1312 2208 quidem

147 2221 204 2279 erit
239 2221 333 2279 Sertis
369 2221 386 2278 8
417 2215 528 2278 cNou
550 2223 647 2298 potest
667 2217 760 2298 prius
782 2223 909 2279 aizoi-tna
932 2215 1061 2297 adficior
1082 2237 1179 2300 quom
1203 2216 1314 2280 uenerit

145 2305 259 2386 futuru.
292 2310 323 2367 id
339 2313 439 2366 autem
455 2310 542 2367 ualde
558 2310 703 2368 incertum
721 2319 775 2369 est.
800 2314 915 2368 ceterae
931 2329 1003 2368 uero
1019 2316 1115 2369 sortes
1132 2329 1169 2368 ne
1186 2311 1243 2370 hac
1258 2309 1311 2386 qui·

149 2401 215 2458 dem
232 2399 358 2456 admissa
374 2399 492 2456 licentia
509 2401 635 2457 metrum
653 2399 777 2457 heroum
791 2400 948 2474 recipiunt.
987 2399 1043 2458 nisi
1058 2400 1138 2458 forte
1154 2401 1223 2475 quis
1238 2399 1312 2458 iustis

146 2488 283 2547 uersibus
318 2487 424 2544 italicis
460 2488 614 2562 anteponit
636 2488 822 2546 hexametros
846 2507 904 2546 non
927 2488 1124 2555 hexametros,
1150 2488 1205 2564 qui
1229 2489 1312 2547 defor-

147 2581 267 2635 mentur
299 2577 349 2634 uel
382 2576 491 2634 uitioso
519 2576 600 2634 exitu
622 2577 671 2633 uel
695 2577 780 2635 biatu
802 2577 1008 2636 molestissimo
1031 2578 1081 2635 uel
1105 2576 1166 2635 sint
1191 2595 1318 2636 enormes-

148 2685 271 2724 numero
305 2666 488 2740 syllabarum
523 2666 724 2740 exceduntque
759 2667 880 2725 modurn
913 2685 1017 2724 uersus
1048 2666 1225 2724 hexametri.
1269 2684 1313 2724 nec

147 2775 220 2814 uero
244 2774 385 2829 assequor
409 2755 557 2829 quomodo
580 2755 727 2830 posterior
749 2774 818 2830 pars
843 2754 936 2813 Sortis
963 2754 999 2812 7a
1025 2784 1064 2793 -
1092 2785 1133 2793 -
1157 2771 1238 2835 quoe
1252 2756 1313 2812 unte

102 2836 104 2841 ’
149 2839 264 2903 sterilis
298 2839 362 2914 fuit
394 2844 487 2919 possit
522 2843 634 2901 efficere
657 2844 768 2900 exitum
792 2843 965 2901 hexametri.
1012 2843 1140 2919 denique
1163 2844 1229 2919 ipsa
1251 2848 1313 2902 tem·

147 2953 254 3009 porum
290 2932 367 2991 ratio
403 2933 502 2990 obstat
526 2932 684 3007 quominus
708 2932 808 2991 Sortes
836 2933 851 2989 1
877 2936 907 2990 et
931 2934 949 2990 2
974 2936 1070 2991 metro
1092 2933 1185 2992 heroo
1210 2933 1314 2992 conclu·

148 3042 195 3081 sas
219 3040 280 3080 csse
304 3022 513 3080 existimemus.

259 3103 285 3185 2)
309 3109 384 3167 Cum
407 3110 545 3168 instituta
568 3128 664 3168 mores
681 3114 759 3168 artes
775 3111 891 3168 litterae
908 3111 1112 3168 Romanorum
1128 3110 1240 3185 mixtae
1254 3114 1315 3170 sunt

150 3219 184 3256 ex
200 3199 297 3274 patria
311 3199 462 3274 disciplina
479 3203 509 3256 et
524 3217 641 3274 graeca,
665 3202 729 3257 tum
747 3199 959 3276 alogiorum
977 3205 1008 3257 et
1023 3200 1191 3258 sortium
1211 3198 1314 3258 numeri

148 3291 308 3362 utramque
332 3288 475 3364 originem
500 3288 661 3346 declarant.
706 3288 777 3346 item
802 3288 1021 3346 cantionum
1044 3288 1157 3363 partim
1182 3292 1314 3348 suntme·

149 3377 203 3434 tris
228 3377 393 3435 domesticis
418 3378 606 3452 compositae,
632 3396 705 3451 quas
730 3377 816 3446 edidi,
841 3377 950 3452 partim
973 3377 1174 3453 graecanicis:
1194 3382 1231 3437 ut
1244 3389 1317 3436 sena·

153 3465 203 3523 riis
239 3468 355 3523 constat
385 3471 523 3525 ”carmen
547 3466 722 3524 idioticum'’
748 3467 784 3524 ad
807 3467 971 3542 podagram
995 3465 1129 3524 Marcell.
1155 3467 1269 3544 Empir.
1289 3486 1314 3542 p.

152 3554 226 3612 379.
257 3553 295 3610 19
321 3547 443 3612 Helmn
471 3555 574 3630 ”Fuge
597 3554 668 3630 frige
692 3555 825 3630 podagra
849 3562 879 3612 et
902 3555 995 3613 omnis
1019 3555 1187 3614 neruorum
1210 3557 1290 3615 dolor
1310 3544 1313 3632 l

151 3643 189 3701 dc
223 3643 348 3718 pedibus
376 3644 447 3702 meis
468 3648 498 3700 et
521 3644 657 3701 <inanibus
681 3644 820 3702 membris
844 3643 948 3702 meis‘’.
995 3646 1026 3701 et
1049 3644 1087 3702 ad
1110 3645 1315 3722 paronychiarn

151 3753 180 3808 p.
220 3731 291 3789 180.
329 3733 347 3789 3
384 3726 525 3791 Helena:
559 3733 625 3790 '’Pu
647 3752 689 3807 pu
712 3752 763 3807 pu,
785 3728 788 3807 Ι
810 3751 974 3808 numquam
997 3735 1052 3808 e'go
1075 3735 1107 3791 te
1130 3735 1250 3793 uideam
1272 3735 1318 3809 ptr

150 3821 296 3896 parietem
319 3824 453 3896 repe1·e”.
1241 3836 1244 3841 ·

260 3903 287 3980 8)
311 3909 408 3968 Varro
442 3910 462 3967 l.
504 3909 524 3967 l.
552 3909 612 3968 Vll
636 3911 676 3968 36
703 3910 929 3969 '’'Versibus
953 3928 1044 3985 quos
1068 3911 1162 3970 olim
1186 3909 1318 3970 Faunei

151 4002 341 4072 uatesque
371 3997 577 4056 canebant’.
623 3998 719 4056 Fauni
743 3999 789 4056 dei
812 3998 998 4068 Latinorum,
1023 3999 1065 4056 ita
1089 4004 1126 4058 ut
1150 4004 1183 4060 et
1205 4001 1318 4059 Faunus

153 4090 183 4144 et
198 4087 302 4144 Fauna
319 4087 372 4157 sit;
390 4088 442 4145 hos
458 4087 593 4146 uersibus
610 4106 683 4162 quos
699 4093 810 4145 uocant
826 4087 989 4158 Saturnios,
1006 4087 1037 4145 in
1052 4087 1246 4149 siluestribus
1256 4087 1320 4148 locis

152 4176 297 4234 traditum
320 4180 364 4234 ast
387 4176 488 4235 solitos
512 4176 578 4246 tari,
604 4192 624 4233 u
647 4196 706 4252 quo
731 4177 819 4235 lando
842 4176 960 4235 Faunos
985 4176 1090 4236 dictos.
1127 4178 1246 4256 antiqui
1261 4194 1321 4255 poe

149 4268 198 4322 tas
234 4267 319 4323 uates
354 4266 545 4341 appellabant
580 4285 596 4322 a
631 4266 766 4324 uersibus
798 4265 944 4324 uiendis”.
992 4263 1052 4324 (lic.
1077 4266 1113 4325 de
1138 4265 1322 4337 diuin.1§§
