2910 4778
141 282 189 353 98
612 304 662 353 cs.
690 302 833 353 amuis,

138 472 194 524 aa.
251 458 381 531 eorum
411 459 552 531 sectam
582 456 791 551 sequdntur
898 457 1012 529 multi
1042 455 1234 529 mdrtrtles

583 582 601 623 vl<
837 581 856 623 sk

710 629 728 670 *

139 720 193 772 ab.
249 708 314 797 (v)
343 735 377 773 J.
406 708 517 779 multi
545 708 610 778 alii
639 729 660 779 e
688 705 801 779 Troia
908 705 1057 780 strenui
1086 707 1165 777 uiri
1195 733 1264 770 -1-

583 832 603 872 *
656 818 665 837 '
837 831 856 873 >s

710 879 728 920 a

141 970 195 1022 le.
250 957 334 1029 urbi
361 957 463 1029 toras
491 980 575 1029 cum
604 946 697 1028 auro
805 958 881 1029 sslic
910 955 1065 1029 e'xibant

160 1171 184 1222 3.
249 1154 379 1226 ferunt
407 1154 556 1247 pulcras
584 1152 751 1226 crateras
859 1153 993 1225 dureris
1021 1153 1187 1245 lepistas

141 1354 152 1361 μ
175 1347 417 1362 -Ια--ι--ι
426 1355 434 1360 .
448 1354 600 1361 .--.-—
611 1354 641 1361 —.
989 1353 1225 1361 ..———.
1234 1354 1310 1360 -.

141 1469 227 1543 parte
260 1467 309 1524 uel
343 1466 475 1542 personis
497 1467 568 1542 ipsis
590 1467 689 1525 uerbis
713 1466 855 1543 proferre.
903 1466 1075 1525 Naeuius
1100 1467 1183 1525 enim
1209 1467 1314 1525 inducit

141 1574 249 1615 uxores
273 1556 389 1613 Aeneae
413 1560 443 1613 et
465 1555 611 1614 Anchisae
635 1575 701 1614 cum
725 1555 854 1614 lacrimis
878 1555 965 1613 Ilium
990 1556 1088 1620 (illum
1111 1550 1222 1620 Flor.)
1238 1556 1315 1613 relin-

142 1647 266 1720 quentes
290 1645 335 1702 his
357 1644 473 1702 uerbis:
498 1645 690 1703 amborum
718 1679 751 1687 -
784 1679 819 1687 —
850 1648 921 1704 -—''.
940 1675 979 1682 —
997 1644 1159 1716 Troiad]
1185 1639 1315 1715 Vossius,

144 1730 181 1792 G.
207 1727 429 1791 Hermonnus:
451 1733 578 1791 Troiade
601 1728 683 1792 libri.
712 1768 746 1776 —
774 1752 841 1792 cum
865 1733 992 1791 lacrimis
1016 1732 1137 1805 multis]
1164 1729 1234 1792 Za:
1255 1735 1275 1792 l.
1293 1752 1314 1792 c.

142 1842 182 1880 m.
207 1816 290 1879 licii.
314 1842 402 1898 quarn
427 1823 647 1881 collocationem
671 1823 832 1881 uerborum
848 1840 901 1879 neo
917 1822 1074 1881 confirmat
1090 1823 1197 1881 Plaut.
1215 1823 1315 1882 Pseud.

145 1911 208 1968 174
244 1911 336 1970 ”uiris
371 1931 436 1969 cum
472 1912 615 1970 summis''
651 1930 703 1970 nec
738 1918 835 1970 cetera
862 1911 924 1969 eius
947 1911 1063 1987 generis
1088 1914 1230 1988 exempla
1253 1913 1315 1970 data

143 2001 180 2057 ab
216 1999 420 2059 Studemundo
455 2000 484 2057 in
520 2001 592 2059 actis
627 1999 753 2058 XXXVI
781 2000 852 2076 phil.
877 2019 1010 2075 german.
1033 2020 1064 2075 p.
1092 2001 1148 2065 50.
1176 2002 1248 2077 quia
1271 2004 1317 2058 aut

142 2089 174 2146 in
209 2089 290 2146 exitu
324 2108 428 2147 uersus
463 2093 516 2146 aut
542 2090 572 2146 in
596 2089 716 2148 canticis
740 2089 945 2148 inueniuntur.
991 2090 1195 2165 capitibus
1220 2091 1315 2148 ultima

142 2177 289 2254 producta
323 2178 353 2236 h.
387 2179 407 2236 l.
444 2177 517 2235 dixit
551 2177 693 2236 Naeuius.
724 2178 761 2236 of.
785 2177 984 2237 Buechelerus
1008 2178 1044 2236 de
1069 2180 1182 2239 declin.
1208 2180 1224 2250 ἓ
1248 2178 1313 2237 319.

142 2267 255 2343 priscos
289 2266 422 2325 imitatus
456 2267 606 2344 Vergilius
637 2267 708 2326 dicit
731 2267 806 2325 Aen.
830 2267 873 2325 IV
898 2269 939 2326 64
965 2267 1229 2327 ’'Pectoribus
1252 2267 1316 2326 inhi-

144 2375 196 2414 ans
219 2355 363 2431 spirantia
387 2356 514 2414 consulit
536 2360 636 2414 exta'‘.
658 2389 691 2398 -
719 2371 748 2413 a.
766 2352 796 2413 3.
814 2356 915 2415 ambas
931 2350 1131 2416 Bitschelius.
1151 2358 1313 2416 coniectura

144 2464 197 2504 nec
221 2444 382 2503 necessaria
407 2464 458 2504 nec
482 2445 640 2520 probabili.
686 2464 717 2502 u.
741 2445 809 2503 adn.
834 2446 871 2503 ad
895 2463 985 2516 carm,
1009 2445 1136 2504 Priami.

250 2546 285 2612 4.
332 2551 492 2610 Seruius
535 2552 710 2610 Danielis
754 2552 791 2609 ad
825 2552 916 2628 Verg‚
952 2552 1025 2610 Aen.
1062 2553 1094 2610 ΙΙ
1133 2553 1196 2612 797
1235 2557 1314 2610 ”sane

147 2641 267 2700 adamat
300 2645 389 2716 poeta
424 2660 458 2698 ea
493 2660 569 2715 qnae
604 2641 678 2716 legit
705 2641 821 2699 diuerso
844 2642 933 2700 modo
955 2641 1100 2715 proferre.
1151 2641 1313 2701 Naeuius

145 2730 242 2789 belli
276 2729 406 2787 Punici
429 2729 550 2804 primo
574 2730 609 2787 de
632 2730 761 2788 Anchisa
784 2732 815 2787 et
837 2729 938 2788 Aenea
961 2729 1150 2806 tugientibus
1175 2732 1248 2789 haec
1262 2728 1312 2787 ait:

147 2824 286 2878 'eorum
310 2823 454 2877 sectam
478 2837 551 2893 seq.
576 2839 614 2876 m.
639 2822 690 2876 ιη)
715 2837 780 2877 ecce
803 2819 858 2878 hoc
881 2822 926 2877 est
950 2819 1079 2876 'inuenio
1103 2820 1256 2878 admirans
1270 2836 1315 2875 nu·

144 2913 281 2966 merum’.
330 2907 453 2966 ’multi
477 2907 546 2965 alii
570 2927 585 2964 a
609 2908 665 2965 Tr.
690 2911 756 2966 str.
780 2911 822 2965 u.’
847 2926 913 2966 ecce
936 2908 965 2966 hi
989 2911 1061 2966 sunt
1083 2909 1186 2967 ’animi
1204 2906 1312 2984 parati’.

144 2997 211 3055 ubi
244 2990 352 3072 (libra
373 2995 475 3068 urbi]
500 2990 816 3071 Boclcrens=urbdl
839 2997 944 3056 foras
968 3016 994 3056 e.
1019 3017 1111 3056 auro
1136 2998 1218 3056 illic
1241 2996 1313 3067 (illac

147 3079 340 3159 Masulcius)
364 3085 530 3143 exibant.
577 3104 642 3144 ecce
666 3089 696 3143 et
718 3085 823 3161 opibus
847 3085 1016 3144 instruati”.
1065 3103 1096 3147 u.
1125 3081 1176 3145 4b
1199 3088 1316 3145 fortasm

146 3175 188 3232 sie
210 3175 407 3250 supplendus:

297 3258 416 3321 sinicii
438 3263 551 3321 multi
575 3263 682 3320 aliie
707 3263 821 3322 Troia
889 3266 1040 3322 strenui
1062 3264 1145 3322 uiri
1168 3260 1220 3322 illi

298 3349 419 3410 corrrilc‘s
467 3393 1083 3411 ............

146 3435 390 3499 illi=Aeneae
427 3472 468 3480 —
504 3460 557 3499 cur
580 3460 638 3500 non
674 3460 741 3499 eum
777 3440 850 3499 Luc.
879 3441 1022 3499 Muellero
1046 3442 1165 3517 legam:
1189 3439 1314 3500 multis

147 3529 220 3588 alis
255 3548 343 3587 causa
378 3551 411 3587 ea
446 3535 490 3588 est
519 3531 600 3606 quod
623 3550 687 3587 eam
712 3531 911 3589 coniecturam
935 3531 1130 3605 amplectenti
1154 3533 1317 3590 constanter

148 3622 192 3676 est
226 3618 429 3677 scribendum:
465 3621 600 3677 multis
635 3620 709 3678 alis
744 3619 902 3677 eTroia
928 3609 932 3698 1
957 3623 1135 3679 strenuis
1159 3620 1261 3678 uiris
1285 3651 1314 3659 —

148 3708 400 3783 statuendamque
436 3708 594 3767 desiderari
629 3708 659 3764 in
694 3708 774 3766 exitu
808 3726 913 3767 uersus
946 3726 1051 3766 uocem
1074 3710 1314 3785 monosyllabam

151 3797 231 3871 quod
254 3800 312 3854 iron
336 3798 407 3855 satis
431 3802 475 3855 est
497 3797 563 3854 ueri
585 3797 690 3869 simile.

255 3897 289 3963 5.
336 3902 493 3962 Caesius
528 3904 670 3962 Bassus
707 3900 758 3962 10.
796 3900 838 3961 18
871 3898 1017 3962 K=VI
1048 3905 1125 3962 265.
1152 3906 1194 3963 30
1221 3895 1320 3963 GLK·

150 3993 251 4068 ”apud
284 3991 470 4050 Naeuium
507 3997 625 4067 poetam
651 4023 690 4032 -
716 4023 756 4031 -
780 3994 915 4051 ferunt
937 3993 1126 4068 pulchras
1152 4006 1320 4053 crateras

149 4101 225 4138 aar.
251 4083 355 4157 lep.'’.
382 4111 422 4120 ·-
447 4082 591 4139 Marius
615 4081 847 4140 Victorinus
873 4082 945 4140 139.
971 4075 1158 4142 8K=M.
1175 4082 1321 4143 Plotius

148 4169 333 4230 Sacerdos
358 4171 431 4229 531.
456 4168 510 4243 (11
536 4169 578 4240 et)
605 4170 643 4228 15
669 4171 704 4228 K.
754 4171 795 4228 ”f.
819 4171 1002 4246 pulchras
1026 4175 1228 4232 creterras
1251 4188 1321 4229 aar.

147 4257 219 4334 lep.
266 4260 320 4318 hoc
344 4278 463 4335 quoque
487 4261 551 4318 loco
574 4258 774 4335 grammaticis
797 4259 855 4318 illis
878 4259 909 4317 in
932 4259 1068 4318 manibus
1092 4260 1156 4321 fuit
1178 4259 1323 4336 exemplar
