2910 4778
238 301 286 374 bt
677 327 705 376 c.
733 327 959 377 nauicauoms.

235 480 397 541 inculcauit
419 481 508 540 titulo
531 499 629 557 presse
652 481 855 558 grauiterque‚
877 487 914 541 ut
935 503 991 559 par
1006 483 1073 555 fuit,
1087 483 1211 560 scripto,
1228 487 1262 543 et
1277 484 1396 545 nouandi

235 570 362 629 uerbum
386 570 586 629 contractione
611 570 685 629 dixit
707 570 826 631 insolita
849 577 880 630 et
902 571 932 629 in
957 575 1080 631 exeunte
1096 572 1198 632 iambo
1213 574 1394 632 submoleste.

343 658 383 717 st
417 677 453 717 ne
487 677 589 718 eorum
624 660 743 734 quidem
774 661 868 720 audeo
890 661 974 736 sequi
997 661 1208 720 auctoritatem
1232 662 1286 738 qui
1307 658 1400 721 uui

236 752 267 807 et
302 744 331 806 4.
377 747 408 806 in
441 748 607 806 saturnium
636 766 756 808 uersum
780 754 892 825 cogunt
914 749 971 809 sic:
997 750 1158 810 Corinto
1182 750 1314 810 deleto
1333 751 1397 810 no-

235 840 327 896 mam
360 836 504 895 redieit
538 838 792 914 triumphans.
838 857 1019 914 quamquam
1054 839 1186 897 enimin
1213 840 1395 898 carminefr.

234 926 339 984 Arnel.
376 930 420 984 est
454 925 565 984 satur
595 926 634 984 fai
657 927 737 985 fere
760 927 876 997 Mars,
902 931 1001 986 tamen
1024 928 1149 1004 septimo
1176 929 1298 1004 quidem
1320 929 1396 987 urbis

234 1015 352 1074 saeculo
385 1033 472 1073 nemo
495 1015 554 1073 iam
576 1015 619 1073 ita
642 1015 701 1074 fuit
722 1015 851 1075 rusticus
873 1020 909 1076 ut
934 1017 1070 1076 ’'deleto”
1095 1018 1348 1092 antepaenultima
1369 1020 1397 1076 et.

233 1104 340 1162 ultima
362 1104 507 1180 percussis
530 1104 626 1162 faeere
648 1104 740 1162 uellet
763 1104 873 1163 exitum
895 1124 1000 1165 uersus
1015 1107 1065 1164 uel
1080 1105 1260 1165 hemistichii
1275 1102 1395 1166 iambici.

234 1211 302 1250 narn
325 1193 355 1250 in
379 1192 437 1250 alia
461 1211 549 1251 causa
571 1195 642 1251 sunt
664 1192 757 1269 epigr.
782 1193 876 1251 Naeu.
902 1194 931 1252 3.
978 1195 1094 1254 obliti
1118 1194 1211 1254 sunt
1234 1190 1394 1267 Romae}

239 1315 272 1324 —
311 1285 341 1340 et
375 1282 440 1339 ded.
477 1281 506 1340 4.
539 1281 848 1357 sgoncaeorant
871 1276 1111 1359 stipisumel
1139 1318 1187 1354 —,
1213 1304 1291 1360 quae
1313 1283 1397 1342 hemi-

233 1369 337 1428 stichia
368 1375 440 1429 sunt
471 1370 656 1446 anapaestica
679 1371 819 1446 exituque
843 1391 877 1430 eo
901 1372 953 1448 qui
976 1372 1164 1448 anapaestico
1186 1392 1313 1432 numero
1335 1391 1397 1432 cou-

232 1458 344 1517 ueniat.

338 1547 419 1606 Illud
441 1566 514 1605 uero
536 1549 638 1623 paullo
661 1547 760 1608 minus
776 1549 980 1625 improbabile,
998 1550 1022 1608 si
1038 1550 1104 1626 quis
1119 1551 1246 1609 scandat
1261 1551 1319 1609 sic:
1336 1549 1397 1609 00.

232 1623 1395 1715 rintode‘ldtoRomamrddit(cutrediit)t1·idmphans‚’'quain.

233 1745 322 1801 quam
346 1724 510 1784 REDIEIT
527 1726 616 1784 estin
633 1727 740 1802 lapide.
775 1727 827 1786 sed
842 1727 941 1785 Plaut.
961 1728 1036 1786 Men.
1055 1728 1095 1785 37
1113 1729 1194 1803 quod
1211 1732 1257 1787 est
1272 1728 1398 1786 inlibris

232 1815 351 1874 rediit
375 1811 491 1886 (redit
506 1808 559 1888 Β),
576 1814 601 1872 si
616 1815 737 1874 uidetur
753 1834 814 1874 esse
829 1817 1081 1891 pronuntiandum
1098 1811 1225 1887 redit,
1243 1817 1274 1875 id
1290 1817 1399 1875 nuliius

232 1908 278 1962 est
311 1903 461 1975 momenti,
498 1903 608 1979 quippe
643 1905 723 1979 quod
757 1904 796 1963 sit
829 1905 858 1962 in
886 1924 977 1963 uersu
998 1906 1107 1965 uitioso
1131 1910 1224 1980 atque
1248 1910 1398 1982 corrupto.

233 1997 263 2051 et
285 2011 339 2068 pro
363 2010 398 2050 eo
421 2011 450 2067 q.
474 1997 519 2051 est
542 1992 661 2052 Terent.
685 1993 804 2052 Phorm.
830 1995 893 2053 686
917 1994 1037 2052 rediit
1061 1987 1394 2054 dimensionem

231 2081 349 2139 rediit
372 2073 563 2140 BODEFP
582 2084 711 2158 utroque
732 2083 798 2141 loco
820 2083 979 2158 legendum
995 2102 1056 2142 esse
1071 2084 1191 2152 redit,
1210 2084 1304 2159 idque
1319 2103 1399 2160 prae·

231 2169 307 2228 senti
330 2188 391 2228 esse
414 2173 547 2245 tempore
571 2171 789 2229 assentiendum
812 2190 873 2230 esse
896 2171 1017 2230 uidetur
1039 2172 1271 2248 Engelbrechtio
1288 2172 1331 2232 sic
1346 2173 1398 2231 dis-

230 2258 351 2335 putanti
373 2257 459 2317 Stud.
483 2258 611 2318 Vindob.
636 2259 689 2319 VI.
715 2261 788 2319 232.
815 2291 854 2300 -
878 2260 929 2319 sed
952 2264 1050 2320 tamen
1075 2262 1122 2319 iit
1146 2261 1202 2319 etsi
1217 2262 1328 2320 ultima
1343 2261 1399 2320 fuit

229 2348 281 2407 illo
315 2351 447 2424 tempore
475 2351 582 2407 natura
605 2349 704 2426 longa,
729 2356 870 2424 sequente
894 2351 1067 2409 consonanti
1089 2350 1190 2425 posuit
1213 2370 1270 2426 pro
1286 2350 1397 2427 pyrrhi-

136 2479 137 2482 ,
230 2437 296 2496 chio
329 2437 455 2496 Plautus
490 2437 599 2497 Bacch.
635 2437 696 2496 347
730 2438 828 2497 ”Deos
852 2441 943 2514 atque
966 2439 1073 2498 amicos
1097 2433 1149 2497 iit
1170 2440 1342 2498 salutatum
1363 2439 1398 2500 cd

229 2527 360 2586 forum”.

337 2614 393 2672 Sed
428 2614 499 2672 nihil
535 2615 571 2672 ad
604 2634 668 2673 eam
692 2635 752 2676 rem
777 2616 893 2692 agimus
916 2616 1070 2692 prosodiae
1095 2617 1292 2692 asperitatem
1317 2635 1396 2676 excu-

229 2705 330 2772 sando,
354 2703 500 2778 siquidem
522 2707 644 2780 propter
667 2705 819 2764 metricam
843 2705 987 2764 rationem
1011 2724 1068 2764 non
1093 2705 1163 2764 licet
1179 2706 1255 2765 tales
1272 2707 1396 2766 scrihere

228 2792 377 2850 saturnios
402 2791 453 2866 qui
477 2793 556 2851 omni
581 2797 700 2851 careant
724 2797 867 2852 ”caesura
890 2795 1102 2852 korschiana”:

390 2881 513 2939 ”Ductu
536 2881 667 2957 auspicio
690 2882 873 2958 imperioque
963 2883 1025 2941 eius
1048 2882 1161 2942 Achaia
1185 2886 1276 2959 capta

390 2968 509 3029 Corinto
533 2971 629 3028 deleto
718 2972 844 3030 Romam
868 2965 964 3030 rediit
989 2972 1207 3048 triumphans'’.

228 3057 306 3116 Nem
342 3088 381 3098 -
415 3059 444 3116 id
469 3059 548 3134 quod
572 3058 773 3118 demonstraui
796 3061 911 3136 prolog.
937 3049 1068 3136 cap'IV
1092 3061 1108 3130 ἓ
1133 3061 1151 3118 8
1178 3091 1220 3099 -
1245 3065 1329 3120 certa
1351 3065 1391 3119 est

227 3147 274 3204 lex
308 3147 369 3205 sine
403 3148 465 3205 ulla
489 3148 658 3224 exceptione
681 3168 717 3207 ne
740 3151 905 3228 citriam-que
928 3148 1145 3208 hemistichium
1166 3168 1276 3209 uersus
1302 3154 1394 3209 satur·

228 3235 269 3293 nii
304 3239 405 3294 careat
439 3235 577 3296 incisione
600 3237 696 3296 media
719 3239 767 3296 uel
794 3243 937 3297 ”caesura
959 3238 1143 3307 korsohiana‚
1168 3238 1226 3297 nisi
1252 3270 1295 3319 ῥ-
1319 3239 1393 3315 quod

228 3342 295 3383 raro
329 3325 363 3384 fit
402 3358 435 3366 —
474 3327 563 3385 thesis
590 3345 748 3402 suppressa
771 3331 815 3386 est
837 3327 915 3386 inter
937 3328 1094 3385 secundam
1119 3331 1149 3385 et
1171 3327 1297 3386 tertiam
1320 3327 1393 3387 arsin

230 3411 261 3470 in
283 3418 412 3489 utroque
437 3413 616 3474 hemistichio
640 3415 745 3474 autin
768 3415 940 3492 posteriore,
963 3419 999 3474 ut
1021 3415 1086 3475 ded.
1111 3415 1142 3475 4.
1167 3417 1197 3475 5.
