2910 4778
541 309 752 376 01111110.
787 295 789 300 ’
1151 317 1233 366 xum

165 489 319 552 Etiam'
322 486 528 552 'thesium''
563 493 711 553 natura
747 492 867 572 atque
902 488 1041 553 indole
1064 490 1233 573 populares

56 603 107 668 illi
133 626 245 668 uersus
270 604 464 669 Graecorum
488 607 520 668 et
543 601 728 669 Italicorum
754 605 930 688 antiquitus
954 605 1081 669 fuerunt
1068 606 1238 690 tcognati

57 720 255 803 similesque.
301 743 376 784 nam
411 721 445 784 in
479 720 623 803 utrisque
659 723 749 784 erant
772 721 881 785 uariae
906 720 1055 784 ”1”110000
1080 722 1236 804 modoque

65 836 157 900 breui
183 857 257 900 cons
259 837 373 900 11010011
395 836 488 901 modo
510 834 608 920 longa
622 837 716 900 modo
732 837 816 900 binis
834 836 993 917 breuibus.
1025 837 1111 919 quod
1126 858 1238 920 quam-

58 973 162 1034 quam
189 974 241 1014 ars
264 953 297 1015 in
321 955 455 1035 utraque
480 955 576 1036 gente
600 951 755 1034 paulatim
779 952 962 1016 concinnius
986 950 1147 1016 modulata
1169 955 1237 1015 ter·

59 1067 206 1132 minibus
230 1068 420 1150 quibusdam
444 1068 693 1150 circumscripsit
716 1068 906 1152 legibusque
930 1067 995 1130 suis
1011 1067 1163 1151 cuiusque
1180 1088 1236 1151 ge-

64 1168 152 1246 neris
194 1183 349 1262 definiuit
385 1218 425 1228 -—
463 1183 546 1266 quod
580 1182 710 1266 quidem
744 1181 858 1246 Graeci
893 1183 1039 1247 fecerunt
1073 1185 1106 1246 et
1138 1183 1240 1247 multo

64 1299 222 1362 maturius
247 1302 279 1361 at
303 1298 492 1382 elegantius,
517 1296 622 1362 Italici
646 1303 679 1361 et
701 1299 802 1362 serius
826 1302 859 1362 01
882 1298 987 1384 rigida
1010 1298 1181 1362 seueritate
1204 1301 1236 1362 et

59 1412 201 1477 Graecos
236 1414 354 1499 imitati
391 1449 442 1492 -,
477 1418 584 1477 tamen
618 1437 700 1496 quae
736 1414 855 1477 fuerint
889 1414 991 1494 initia,
1017 1436 1117 1498 eaque
1141 1413 1238 1478 fuisse

57 1528 194 1610 similia)
231 1550 270 1591 ne
306 1529 410 1592 dicam
445 1529 625 1592 communia
648 1529 687 1592 iis
712 1529 873 1614 gentibus,
898 1550 982 1592 nunc
1006 1528 1034 1592 si
1057 1550 1120 1593 non
1144 1528 1239 1612 plane

64 1648 264 1728 compertum
304 1649 361 1723 est,
398 1649 431 1707 at
464 1645 618 1708 1101101110
644 1645 750 1727 aliqua
772 1644 999 1727 probabilitate
1023 1643 1239 1709 coniecturam

62 1761 171 1824 facere
195 1761 281 1838 licet.

173 1875 325 1959 Utrisque
360 1876 422 1961 igit
423 1898 461 1940 ur
494 1875 806 1940 110011110”1”110000
831 1877 924 1940 modo
949 1876 1121 1960 disyllabus
1144 1877 1238 1941 modo

56 1991 296 2075 monosyllabas
320 1992 459 2056 faciendi
476 1992 650 2056 communis
666 1992 692 2055 it
694 2013 712 2054 a
678 1991 851 2070 tfuitut
816 1991 1133 2076 utmonosyllabaet
1120 1991 1237 2072 thesea,

59 2108 83 2172 i.
121 2131 148 2170 e.
184 2108 309 2171 numeri
343 2105 1238 2191 101111101011100110101,00010110000111101001111111010

59 2224 163 2286 fnisse
199 2224 376 2302 uideantur,
413 2222 543 2288 Graecis
573 2221 680 2287 theses
704 2223 890 2306 disyllabus,
914 2223 934 2286 i.
961 2246 987 2287 0.
1013 2224 1136 2287 numeri
1160 2246 1238 2287 ana·
1314 2222 1317 2228 ’

59 2339 202 2422 paestici
238 2339 388 2423 dactylici
422 2339 651 2424 logaoedici1).
697 2339 806 2421 itaque
841 2360 913 2402 cum
943 2361 1002 2402 nec
1026 2338 1155 2404 Graecis
1178 2361 1237 2404 nec

56 2452 184 2518 Italicis
219 2454 302 2517 ullus
335 2476 485 2518 numerus
515 2457 598 2517 00001
621 2454 768 2518 usitatior
791 2455 995 2536 quaternario
1018 2454 1075 2518 1110
1100 2454 1237 2518 catalec-

51 2571 126 2634 tico
160 2569 214 2633 uel
247 2567 509 2653 semiseptenario
543 2571 664 2634 ictuum
688 2573 915 2653 quaternorum
939 2570 1115 2653 (tuumne),
1141 2592 1253 2653 quem·
1342 2596 1344 2605 ·

49 2707 81 2752 a
105 2685 215 2749 littera
238 2687 415 2750 minuscula
439 2687 470 2749 in
494 2685 553 2750 hoc
576 2685 659 2750 libro
683 2686 811 2770 signare
835 2686 930 2765 soleo,
947 2687 1015 2750 eius
1033 2685 1143 2750 formis
1159 2708 1237 2749 ana·

50 2801 206 2886 *paestica
230 2805 262 2864 et
291 2801 448 2886 dactylica
473 2805 504 2865 01
528 2802 722 2886 1010001100,
746 2824 825 2885 quas
848 2824 931 2865 nunc
953 2801 1111 2865 communi
1127 2802 1238 2884 appel-

52 2918 183 2982 latione
208 2917 441 3001 comprehendo
464 2918 733 3000 paroemiaci,
757 2941 776 2981 a
800 2917 929 2981 Graecis
954 2917 1080 3000 saepius
1104 2921 1136 2981 et
1159 2918 1236 2981 ada·

56 3035 119 3120 gia
155 3038 188 3097 01
223 3033 278 3096 0111
312 3055 423 3097 11010110
447 3034 616 3117 populares
642 3034 920 3116 componebantur.
967 3055 1026 3096 nec
1049 3037 1157 3097 tamen
1182 3034 1237 3097 de·

55 3154 138 3215 sunt
180 3150 245 3213 eius
281 3150 408 3233 generis
443 3150 573 3214 iambici
608 3171 718 3212 uersus
754 3150 939 3233 adagiorum
974 3170 1174 3234 graecorum,
1200 3153 1235 3213 ut

54 3263 138 3346 Ἀρ
132 3286 201 3326 1010
224 3260 375 3348 χωλος
351 3273 445 3350 clpam
470 3287 528 3329 nec
552 3288 615 3329 non
639 3265 695 3328 alii
718 3252 829 3328 uersus
852 3264 1023 3347 populares
1046 3266 1155 3350 graeci
1177 3286 1236 3329 nu·

54 3404 149 3447 mero
173 3382 343 3465 spondaico
367 3384 400 3444 01
423 3382 560 3446 iambico
585 3381 751 3464 compositi
768 3383 850 3444 sunt.
891 3381 1114 3463 utspondaico
1130 3381 1235 3445 canti-

52 3499 135 3562 lena
158 3519 328 3580 puerorum
351 3497 437 3580 (pop.
464 3499 505 3561 20
531 3497 564 3560 Β
580 3497 607 3577 4)
630 3493 757 3581 Χαλκην
775 3504 863 3580 μυῖαν
883 3496 1024 3580 111ρὰ00.
1043 3496 1054 3578 Η
1072 3493 1233 3580 0001110,

56 3611 135 3675 ἀλλ’
161 3605 194 3674 ob
218 3612 324 3696 λήψει;
349 3613 497 3690 iambico,
522 3620 557 3675 ut
581 3635 617 3675 ea
642 3613 801 3676 cantilena
817 3634 912 3695 quam
928 3612 1053 3695 puellae
1070 3611 1235 3675 Bottiaeae

51 3729 216 3794 saltantes
245 3729 403 3792 canebant
426 3750 500 3810 pop.
525 3731 566 3793 33
591 3727 653 3791 Β4
676 3724 785 3811 Ἴωμεν
810 3723 855 3796 εἰς
878 3723 1020 3812 Ἀθήνας
1036 3727 1073 3810 ²).
1163 3786 1176 3797 „

176 3935 199 4010 ¹)
224 3940 319 3998 Usum
343 3941 450 4015 pedum
476 3940 689 4014 disyllaborum
714 3941 792 4015 apud
817 3939 944 3998 Graecos
968 3939 1045 4014 ipsos
1070 3938 1235 4012 antiquissi-

60 4030 120 4089 mis
145 4029 328 4104 temporibus
352 4029 583 4104 frequentiorem
606 4028 697 4085 fuisse
720 4032 809 4103 putat
831 4028 968 4104 Klugius.

175 4111 200 4188 ²)
224 4117 300 4175 Item
332 4118 486 4176 acatalecti
510 4117 692 4192 quaternarii
718 4148 758 4154 -
783 4119 863 4192 quod
885 4136 978 4193 genus
1002 4117 1029 4172 A
1052 4116 1152 4172 littera
1175 4135 1235 4171 ma·

59 4208 179 4267 iuscula
204 4207 321 4282 signare
344 4208 423 4265 soleo
449 4237 489 4245 —-
513 4207 591 4263 inter
608 4206 737 4263 carmina
753 4206 909 4281 popularia
926 4203 1129 4279 antiquissima
1146 4202 1235 4261 Grae·

56 4316 168 4357 corum
191 4314 250 4354 non
272 4296 359 4354 modo
384 4295 558 4371 anapaestici
585 4298 711 4365 exstant,
736 4295 890 4352 sedetiam
906 4294 1035 4352 iambici.
1066 4296 1101 4350 ut
1117 4312 1236 4350 carmen

1093 4418 1127 4463 IV
