2910 4778
605 317 655 364 CN.
685 315 828 364 NAEl'lllS.

477 826 542 898 Ex
572 825 756 897 Saturis
784 823 961 895 Naeuii.

132 1054 179 1107 43.
245 1040 325 1114 fato
354 1039 450 1112 liunt
479 1038 624 1112 Metelli
733 1037 905 1111 eonsules
933 1035 1076 1109 Romae
1290 1035 1312 1076 ‘¹‘

135 1206 185 1259 44.
251 1193 429 1286 quianam
457 1190 678 1263 Saturnium
787 1189 944 1282 popliim
973 1186 1204 1311 pepulistis)
1223 1213 1257 1250 ,ι
1277 1227 1311 1236 -

196 1478 437 1536 'testimonia
460 1477 502 1534 de
526 1479 756 1552 argumento
779 1475 962 1534 carminis
985 1475 1082 1537 belli
1105 1475 1255 1535 Punici.

249 1654 398 1715 Gellius
432 1655 460 1710 V
498 1654 548 1712 12.
587 1655 602 1711 7
638 1654 793 1712 Lucetium
826 1660 926 1712 autem
961 1653 1064 1713 Iouem
1099 1653 1151 1712 On.
1176 1654 1313 1714 Naeuius

143 1746 177 1803 in
200 1744 284 1803 libris
307 1745 378 1802 belli
400 1744 519 1802 Poenici
542 1745 683 1819 appellat.

250 1851 408 1913 Seruius
432 1852 469 1908 ad
493 1852 567 1908 Aen.
592 1851 606 1908 I
632 1851 693 1907 273
719 1850 851 1908 Naeuius
875 1854 905 1907 et
927 1850 1040 1908 Ennius
1062 1848 1181 1909 Aeneae
1204 1870 1239 1908 ex
1254 1851 1318 1909 filia

138 1944 284 2016 nepotem
307 1941 468 1999 Romulum
492 1940 674 1998 conditorem
697 1940 779 1998 urbis
802 1939 938 1997 tradunt.

249 2047 372 2105 Varro
407 2047 442 2104 de
466 2048 486 2104 l.
509 2048 530 2104 l.
555 2047 582 2102 V
607 2048 647 2104 43
673 2047 856 2104 Auentinum
880 2046 996 2121 aliquot
1015 2047 1049 2104 de
1073 2047 1168 2105 causis
1192 2047 1314 2117 sliouut;

140 2136 277 2195 Naeuius
300 2136 338 2194 nb
363 2136 478 2203 auibus,
504 2136 584 2211 quod
608 2155 642 2194 eo
665 2154 696 2194 se
721 2136 757 2194 ab
782 2135 882 2193 Tiberi
905 2135 1017 2193 ferrent
1040 2155 1119 2193 aues.

248 2243 373 2301 Varro
407 2243 442 2300 de
476 2244 496 2300 l.
531 2244 552 2300 l.
588 2241 615 2298 V
651 2243 690 2300 53
728 2241 858 2311 Quartae
893 2242 1020 2316 regionis
1055 2242 1205 2300 Palatium
1234 2276 1267 2285 —
1295 2262 1316 2300 a

139 2351 249 2409 pecore
272 2333 384 2390 dietum
407 2334 517 2406 putant
540 2332 677 2407 quidam;
701 2331 803 2406 itaque
827 2331 960 2388 Maeuius
984 2331 1133 2389 Balatium
1159 2332 1301 2406 appellat.

612 2581 663 2639 Ex
687 2580 849 2639 Saturis.

256 2755 316 2820 43.
361 2760 639 2819 Ps.·Aseonius
673 2760 704 2817 in
728 2759 788 2818 Cio.
811 2760 898 2817 Verr.
924 2763 981 2817 aot.
1006 2760 1020 2817 Ι
1044 2760 1059 2829 §
1085 2760 1126 2816 29
1152 2763 1219 2818 '’'te
1248 2758 1322 2831 (Me-

143 2850 251 2908 tellum
287 2847 369 2919 dicit)
405 2868 464 2907 non
500 2850 571 2917 fatu,
606 2854 642 2907 ut
676 2853 788 2907 ceteros
824 2869 858 2906 ex
881 2856 982 2906 uestra
1006 2849 1118 2906 familia
1146 2883 1180 2890 -
1213 2882 1247 2890 —
1276 2882 1317 2888 -

145 2939 296 2997 consulem
331 2939 454 2996 faetum’
491 2969 531 2976 —
568 2938 680 2996 dietum
715 2939 809 2996 lucete
844 2942 873 2995 et
897 2938 1160 2996 contumeliosam
1184 2938 1322 2996 Metellos

147 3028 307 3103 antiquum
330 3027 437 3085 Naeuii
462 3032 521 3086 est:
546 3028 629 3085 fato
653 3027 803 3084 Metelli
826 3027 962 3084 Romae
979 3027 1084 3084 fiunt
1101 3027 1318 3085 eonsules”.

147 3116 320 3175 Saturnium
345 3120 473 3174 metrum
497 3116 560 3173 iure
584 3117 764 3183 restituitur,
789 3134 848 3173 non
872 3116 942 3191 quin
968 3115 1099 3173 Naeuius
1116 3115 1223 3190 ipsein
1240 3118 1324 3173 satu-

148 3205 189 3263 ris
225 3205 347 3264 senariis
377 3206 422 3263 uti
446 3205 587 3280 potuerit,
612 3207 661 3263 sed
686 3207 766 3280 quod
790 3224 824 3261 ex
847 3223 987 3280 responso
1011 3204 1133 3270 Metelli,
1158 3205 1238 3279 quod
1261 3205 1323 3262 iam

146 3294 359 3352 intellexerunt
393 3294 452 3364 alii,
488 3313 548 3369 quo
583 3298 677 3353 metro
712 3313 746 3350 ea
770 3295 924 3352 altercatio
947 3293 1054 3351 Naeuii
1077 3296 1107 3350 et
1130 3293 1319 3351 Metellorum

147 3383 241 3441 fuerit
256 3384 328 3441 satis
344 3384 450 3441 eluoet.
474 3403 541 3439 nam
554 3382 826 3441 Pa-Asoonius
838 3384 858 3440 l.
873 3402 897 3440 o.
914 3381 989 3440 ”cui
1002 3386 1105 3440 tune”.
1118 3381 1226 3456 inquit,
1241 3383 1321 3440 '’Me-

147 3472 239 3530 tellus
263 3473 366 3530 oonsul
389 3472 484 3530 iratus
507 3491 597 3529 uersu
620 3473 812 3547 responderat
828 3471 943 3529 senario
958 3472 1207 3546 hypercataleoto‚
1225 3471 1277 3545 qui
1293 3478 1324 3528 et

147 3561 302 3619 saturnius
327 3561 450 3618 dicitur:
476 3561 622 3618 dubunt
645 3563 783 3618 naulum
807 3554 958 3635 Metelli
982 3560 1132 3618 Naeuio
1152 3563 1323 3634 poetae’'.

266 3660 326 3726 44.
372 3667 511 3725 Festus
545 3688 575 3743 p.
612 3668 674 3725 340
713 3661 769 3725 Th.
794 3663 831 3724 de
855 3661 943 3740 Pola,
970 3666 1031 3724 257
1057 3660 1324 3735 M”Quianam

148 3775 207 3832 pro
242 3775 335 3831 quare
370 3760 399 3814 et
434 3775 486 3814 our
520 3756 651 3831 positum
679 3760 723 3814 est
747 3755 789 3828 (et
812 3750 858 3831 F)
884 3757 983 3831 ”apud
1008 3756 1145 3830 antiquos
1168 3760 1204 3813 ut
1228 3754 1326 3812 Nae-

147 3846 255 3905 uium
281 3876 321 3883 -
345 3845 374 3903 in
398 3849 548 3920 satyra:
573 3846 752 3921 quianam
776 3845 805 3904 S.
830 3846 1014 3921 populum
1037 3847 1140 3919 pep.’'
