2910 4778
574 305 643 352 oAP.
663 305 705 352 IX.
1179 308 1232 356 010

61 473 211 557 13313133)
234 500 293 540 333
317 476 489 558 seq(uitur).
515 512 555 521 —-
583 481 666 541 1708
692 513 733 523 -
763 514 798 522 —
825 487 854 542 et
877 486 932 545 hoc
954 484 1085 543 liberteis
1108 484 1180 543 meis
1201 489 1231 543 et

60 568 226 629 libertabus
250 571 322 630 meis
345 575 376 629 et
397 571 562 630 libertabus
585 573 683 631 locum
708 591 824 632 concess
848 567 860 649 ll
883 577 913 632 et
935 568 1008 633 meis
1024 573 1170 633 omnibus.
1189 603 1230 613 ·—

32 659 148 718 ·1427
189 694 224 702 —-
264 690 304 699 -
340 660 417 719 nolei
451 660 574 719 uiolare.
615 695 649 703 -
690 660 774 719 1880
814 694 848 704 —-
881 697 915 706 -
942 664 1022 722 13313
1045 662 1060 720 Ι
1084 662 1171 721 13133
1195 662 1229 721 L.

60 742 174 807 Vecilio
209 747 244 807 L.
280 749 312 819 f.‚
349 755 379 807 et
414 749 533 808 Plenese
567 751 648 808 lectu
679 749 702 808 1.
750 750 877 826 amplius
900 751 972 809 nihil
995 751 1114 810 inuiteis
1136 750 1172 808 L.
1197 750 1229 810 O.

60 836 178 896 Lenieis
210 836 245 897 L.
271 837 292 897 f.
316 840 347 895 et
370 838 438 913 quei
461 857 510 897 eos
533 841 706 914 parentaret
729 831 785 911 (=
798 839 975 914 perculerit)
999 860 1035 898 33
1058 842 1230 916 anteponat.

169 991 314 1056 1111333
339 995 371 1055 et
394 1014 475 1076 quae
499 995 573 1056 3331
596 993 664 1057 3133
688 994 815 1079 generis
838 1016 914 1058 3333
939 995 1042 1059 minus
1066 997 1139 1059 3331
1155 998 1230 1078 apta

56 1124 143 1192 quac
167 1130 263 1172 uersu
287 1108 433 1172 dicantur
451 1108 484 1186 ¹).

168 1267 249 1332 Sunt
283 1271 508 1353 autemsaepe
532 1269 641 1332 addita
664 1270 845 1335 nominibus
869 1294 950 1356 quae
975 1271 1015 1336 ad
1038 1271 1230 1337 sententiam

58 1388 162 1450 metro
196 1407 261 1448 non
288 1387 477 1470 repugnent,
502 1386 557 1448 331
582 1386 728 1449 breuiora
751 1386 815 1449 sint
838 1408 933 1471 quam
957 1391 993 1451 ut
1015 1391 1152 1453 metrum
1177 1410 1229 1452 ca-

59 1502 160 1584 piant.
185 1501 273 1564 uelut

169 1621 239 1681 Gar.
266 1622 394 1682 641-
422 1625 518 1680 mator
545 1623 693 1680 3313-
724 1622 878 1681 1388-
907 1626 1073 1684 33133-
1099 1625 1161 1684 632
1191 1659 1224 1668 -

59 1710 557 1770 3313333132215-131311.
610 1711 865 1770 3313-1742
902 1713 1062 1772 Memoriae
1099 1745 1138 1752 —
1188 1745 1228 1752 —

63 1801 210 1859 1826-
239 1801 562 1876 uxorioptn-nmae
593 1799 739 1858 1831-
767 1801 924 1878 frngi—
945 1801 1087 1861 1944
1105 1807 1229 1878 optuma

59 1890 246 1948 femina-
265 1889 348 1948 2095
373 1890 470 1947 Deum
489 1889 640 1947 maanium
656 1883 847 1966 (posteriores
863 1894 915 1949 ant
918 1910 962 1949 ern
980 1891 1149 1950 scribebant
1166 1892 1228 1951 ’Dis

59 1972 232 2055 manibus'.)
270 2009 310 2017 -
346 1978 430 2037 1446
463 2009 503 2017 -
535 1979 606 2036 3111
636 1999 682 2036 me
706 1975 1228 2059 31331331Ἢ333113311333113ι133-

58 2064 366 2141 1133113,33ι133333
390 2067 768 2126 3313-806-1313
792 2069 940 2127 cubat-
942 2069 1068 2129 -1708
1093 2070 1157 2129 heic
1181 2089 1228 2128 cu-

58 2158 212 2215 bant—
241 2155 324 2214 1389
350 2156 444 2215 Ossua
468 2156 525 2214 3113
548 2160 627 2215 sunt
654 2155 804 2215 -1366
829 2176 895 2216 ossa
918 2159 966 2217 hio
988 2153 1059 2235 sit(a
1060 2153 1073 2235 )
1042 2164 1168 2217 31333

61 2245 284 2304 2219-113
307 2245 745 2320 33331333331--1536-
770 2248 981 2322 sepultus.—

167 2400 313 2483 Deuique
348 2398 498 2463 nihil
489 2400 630 2463 inueni
664 2422 784 2483 prosa
819 2400 1003 2464 oratione
1027 2402 1227 2485 scriptum

58 2518 97 2580 in
122 2515 261 2597 1113113
285 2516 566 2598 sepulcrorum
590 2515 687 2598 quin
711 2520 778 2579 331
801 2538 928 2599 perse
945 2517 1074 2581 minus
1092 2520 1228 2601 aptum

58 2636 169 2695 esset
192 2632 295 2714 quod
318 2653 440 2695 uersu
463 2631 676 2694 diceretur
699 2633 766 2694 aut
790 2635 899 2696 33331
922 2632 1089 2696 breuius
1113 2654 1227 2715 quam

57 2753 101 2812 ut
123 2751 293 2811 metrum
317 2750 495 2830 caperet.

166 2907 326 2991 Quidquid
349 2908 449 2992 igitur
472 2930 531 2972 nec
553 2912 685 2993 propter
710 2909 897 2974 breuitatem
921 2929 980 2971 333
1003 2911 1134 2991 propter
1156 2930 1228 2971 sen·

58 3025 194 3088 tentiam
228 3028 329 3088 metro
360 3026 570 3107 repugnabat,
595 3024 657 3104 uel,
682 3028 717 3087 ut
741 3024 868 3089 breuius
893 3024 1006 3103 dicam,
1031 3023 1228 3107 quidquid

55 3160 99 3204 111
137 3140 275 3207 titulis
310 3139 588 3223 sepulcrorum
623 3141 762 3204 uersui
798 3142 930 3224 aptum
965 3142 1071 3219 erat,
1107 3162 1227 3204 uersu

56 3256 188 3320 scribi
223 3255 385 3319 solebat
420 3278 543 3340 usque
572 3256 618 3319 31
642 3255 792 3319 exitum
816 3254 975 3319 saeculi
999 3256 1143 3321 331331.
1190 3278 1228 3319 33

56 3372 150 3436 modo
174 3372 316 3435 carmina
339 3374 412 3434 3331
436 3372 528 3435 modo
552 3393 662 3435 uersus
678 3370 856 3456 singulares
873 3371 1117 3454 exprimuntque
1135 3393 1227 3434 sensa

55 3489 274 3571 superstitum.
321 3488 429 3571 itaque
453 3487 505 3551 uel
529 3509 631 3551 mores
655 3487 707 3550 uel
730 3486 816 3551 facta
840 3486 1022 3550 scribuntur
1044 3487 1159 3550 mortui
1176 3486 1228 3549 uel

55 3604 264 3668 salutationes
299 3603 380 3666 fiunt
414 3604 466 3667 uel
501 3604 658 3668 acerbitas
693 3603 834 3686 supremi
862 3623 952 3666 casus
976 3602 1153 3666 ostenditur
1175 3602 1228 3665 uel

57 3720 195 3803 denique
231 3720 299 3783 eius
333 3720 461 3803 genens
496 3720 569 3784 alia.
616 3719 827 3803 antiquissimi
862 3717 984 3781 33111331
1018 3739 1127 3781 uersus
1155 3720 1228 3781 sunt

56 3859 166 3901 omnes
191 3835 356 3900 domestici
380 3836 517 3919 generis.
564 3835 638 3897 inde
664 3833 1227 3898 33131331)3333313333331333313

171 4008 194 4083 ¹)
218 4012 374 4086 Discrepat
409 4032 426 4068 a
459 4030 540 4070 more
572 4010 696 4084 antiquo
720 4010 800 4084 quod
824 4009 905 4067 dicit.
931 4009 964 4067 Ο.
989 4009 1089 4066 Keller
1113 4009 1147 4065 de
1171 4010 1226 4066 sat.

23 4148 29 4159 ι
57 4102 72 4159 Ι
111 4101 149 4159 57
187 4104 217 4158 31
250 4101 281 4159 11
317 4102 357 4158 32
394 4099 540 4158 Saturniis
575 4098 773 4174 compositum
797 4116 859 4156 esse
882 4098 1006 4156 titulum
1030 4097 1121 4155 cistae
1145 4097 1226 4154 Fico-

56 4210 123 4249 ron.
159 4189 180 4248 G
204 4190 219 4248 I
244 4190 282 4247 51
310 4189 428 4248 'Dindia
452 4189 598 4248 Macolnia
621 4187 700 4246 fileai
725 4187 815 4245 dedit.
864 4187 977 4245 Nouius
1000 4185 1137 4244 Plautios
1161 4186 1228 4244 nied

57 4279 164 4339 Romai
188 4278 284 4336 feeid'.
