2910 4778
555 311 626 361 csr.
645 311 666 359 1.
687 305 746 372 11.
1174 311 1234 361 mx

165 483 228 561 Qui
251 484 303 550 uel
319 485 358 549 de
373 505 469 550 uersu
485 482 634 550 Saturnio
648 484 852 569 quaestiones
868 485 920 551 uel
935 476 1046 550 uersus
1062 483 1228 552 Saturnios

58 599 235 666 edidissent
256 599 331 664 inde
354 601 396 664 ab
419 601 524 665 aetate
547 597 701 664 Richardi
725 597 866 666 Bentleii
889 600 929 667 ad
952 622 1042 665 susm
1060 600 1233 687 diligenter

58 714 259 780 enumersuit
292 714 472 780 Ludovicus
506 714 614 780 Hsvet
648 715 682 780 in
716 738 751 782 eo
784 716 867 782 libro
897 738 993 800 quem
1016 718 1054 782 de
1078 714 1230 784 Saturnio

56 831 230 897 latinorum
254 853 349 896 uersu
372 832 473 897 edidit
488 830 619 897 Parisiis
636 854 719 896 anno
737 833 823 897 1880
839 854 870 916 p.
888 832 1075 898 448-458.
1114 832 1144 898 ei
1159 836 1230 898 tam

55 947 156 1033 longo
190 945 321 1012 elencho
354 969 418 1012 non
452 947 568 1012 multos
602 947 706 1012 habeo
728 947 827 1013 libros
849 947 975 1013 locosue
999 969 1078 1032 quos
1102 948 1228 1014 addam.

54 1063 114 1128 sed
136 1063 195 1128 hos
217 1085 277 1148 pro
299 1062 468 1149 spicilegio
489 1063 529 1127 iis
552 1084 634 1148 quae
657 1063 835 1128 nominauit
860 1061 965 1128 Havet
987 1064 1078 1128 addo.

10 1238 14 1245 .
54 1191 98 1252 A.
131 1187 286 1262 Seleucus,
322 1193 357 1252 de
381 1191 479 1252 Gnaeo
502 1193 618 1254 Naeuio
640 1198 740 1271 poete.
785 1194 934 1270 particula
957 1194 1053 1271 prinis
1077 1193 1232 1271 Herbipoli

167 1281 250 1341 1841
280 1274 330 1358 (de
353 1301 445 1341 uersu
467 1282 602 1343 saturnio
626 1283 690 1360 agit
712 1303 742 1359 p
767 1283 807 1341 48
833 1281 911 1359 sqq)

53 1342 330 1430 Mlidllesloud
362 1366 406 1430 clu
440 1365 545 1447 Meet,
580 1371 697 1431 Poesios
731 1371 901 1449 populaires
935 1372 1040 1430 letiues
1072 1374 1167 1431 anter.
1190 1391 1232 1431 sn

166 1461 253 1519 doun.
275 1460 372 1519 siecle.
418 1460 504 1519 Puris
530 1415 612 1518 1841
637 1480 667 1537 p.
693 1461 775 1520 45-
783 1461 824 1520 54
848 1464 878 1519 et
904 1460 964 1518 103
987 1479 1054 1536 sqq.
1079 1459 1230 1532 (secentus

165 1550 196 1608 in
219 1549 351 1608 carmine
372 1549 508 1608 saturnis
531 1549 697 1609 dominatos
719 1569 782 1609 esse
806 1547 900 1619 dicit).

50 1632 242 1716 Macaslay,
272 1637 350 1714 lays
373 1639 407 1698 of
426 1638 545 1697 ancient
566 1638 713 1717 Romep.
736 1635 781 1696 20
803 1633 848 1698 ed.
875 1631 1050 1696 Tauclnitz
1073 1636 1228 1710 (breuiter,

162 1728 215 1787 sed
237 1726 411 1798 luculente).
1329 1730 1332 1735 '

49 1810 507 1891 1)(111111111011,1711101111111111
530 1814 659 1875 Londini
684 1815 768 1875 1860
793 1768 921 1892 (aliquot
943 1815 1014 1876 loeis
1038 1819 1068 1874 et
1089 1816 1183 1875 latins
1199 1819 1230 1875 et

164 1905 306 1965 Umbrica
328 1905 459 1964 carmina
482 1905 616 1965 saturnio
639 1924 763 1964 numero
782 1904 906 1973 scandit,
924 1904 1143 1981 scansionisquo
1158 1906 1228 1964 rati-

162 2011 248 2054 onem
272 1989 393 2070 reddit).

51 2079 236 2143 ssmdmss
270 2074 388 2161 Becplc,
421 2083 547 2142 Zeitsch.
571 2082 593 2143 f.
616 2082 883 2142 Alterthumswiss.
910 2081 993 2142 1856
1018 2102 1048 2158 p.
1075 2081 1137 2142 129
1161 2102 1228 2159 sqq.

165 2170 298 2248 =Opp.
322 2171 353 2230 Π
377 2173 440 2230 495
465 2191 531 2248 sqq.
555 2175 637 2247 etp.
664 2170 737 2231 510.

49 2256 138 2321 llud.
169 2253 337 2340 Westpleol,
362 2261 517 2320 Zeitsehift
538 2263 561 2319 f.
586 2262 680 2336 vergl.
705 2259 928 2336 Sprachforsch.
952 2260 995 2319 IX
1018 2260 1204 2320 487-458,

48 2344 211 2428 Alfredss
238 2344 424 2426 Fleckeisen,
459 2348 521 2408 Zur
553 2349 654 2408 Kritilr
689 2350 741 2408 der
767 2349 1004 2409 altlateinisehen
1025 2349 1228 2426 Dichterfrsg·

457 2441 555 2497 mente
579 2438 628 2497 bei
652 2437 775 2499 Gellius.
820 2436 938 2514 Lipsiae
964 2438 1048 2497 1854
1071 2459 1102 2514 p.
1128 2439 1179 2498 26.

318 2572 331 2601 ,
413 2527 605 2603 ,Krrtisohe
629 2526 837 2588 MiscellenL.
865 2527 1003 2603 1864.
1029 2527 1068 2585 11
1086 2546 1151 2603 sqq.
1163 2547 1224 2603 ;p.

317 2749 332 2780 ,,
412 2639 622 2782 ,Jslirbdcn
639 2660 660 2764 1.
677 2702 1133 2783 klass.Philol.1861p.148;
1148 2704 1223 2762 822.

715 2839 728 2867 „
827 2839 839 2866 „
908 2793 1034 2869 1863p.
1050 2792 1124 2852 340

52 2878 99 2942 H.
124 2835 469 2959 ἦ1111111111ΡιῑᾸιιιο
502 2903 584 2960 poes.
618 2840 672 2943 lai.
708 2883 783 2960 orig.
815 2880 1224 2959 LIIIBerolini1377p.

162 2973 226 3031 320
254 2991 319 3048 sqq.

51 3057 198 3140 Ruplael
236 3055 441 3138 Garruccu'uS,
480 3061 642 3138 Sylloge
633 3061 861 3137 inscriptionum
885 3060 1047 3119 latinarum
1069 3059 1226 3138 Augustae

162 3150 361 3210 Taurinorum
387 3151 481 3210 1877.
505 3170 535 3227 p.
561 3151 702 3210 37-40.
758 3185 764 3190 -

51 3235 211 3298 Iohannes
226 3233 374 3315 Hoerner,
391 3239 660 3316 Untersuohungen
671 3239 723 3298 ub.
737 3238 766 3297 d.
779 3239 833 3296 ult.
845 3239 899 3297 lat.
912 3237 1100 3296 christlichen
1111 3239 1225 3314 Rhyth·

162 3347 241 3388 men.
286 3329 480 3388 Vindobouse
507 3327 589 3386 1879
613 3348 643 3405 p.
670 3325 754 3386 1-3
779 3325 976 3402 (Westphalio
991 3345 1022 3386 se
1038 3321 1225 3404 applicauit).

53 3411 102 3488 H,
139 3411 269 3492 Jordan,
303 3418 450 3476 Kritische
485 3416 624 3494 Beitrsge
658 3436 712 3475 zur
748 3415 920 3476 Geschichte
955 3415 984 3477 d.
1007 3417 1060 3475 let.
1085 3415 1224 3492 Sprsche.

162 3506 294 3567 Be'rolini
318 3506 412 3565 1879.
437 3526 467 3582 p.
494 3505 677 3566 167-224.

55 3590 116 3655 ΤΙι.
141 3589 325 3665 Mommsen,
349 3595 504 3654 Romisohe
528 3594 702 3654 Geschiehte
725 3589 768 3652 Il
791 3614 820 3670 p.
847 3594 910 3652 224
933 3612 978 3669 sq.

155 3714 315 3798 vSequitur
336 3717 372 3778 ut
396 3735 448 3779 eos
473 3736 655 3779 enumerem
677 3713 733 3798 qui
750 3715 821 3798 post
836 3712 956 3777 editum
972 3711 1093 3776 Heneti
1107 3711 1226 3776 librum

52 3831 148 3903 illum
171 3830 223 3895 uel
245 3829 305 3895 hoc
329 3830 481 3894 decennio
506 3831 544 3894 de
568 3852 662 3894 uersu
685 3829 828 3894 saturnio
844 3828 945 3911 deque
961 3827 1106 3891 uersibus
1121 3829 1225 3890 satur·

55 3946 120 4011 niis
145 3947 349 4030 scripserunt,
374 3967 451 4029 quos
475 3945 603 4029 quidem
627 3944 791 4029 scripsisse
813 3942 894 4007 mihi
916 3940 1079 4027 cognitum
1103 3942 1153 4005 sit.

166 4060 215 4126 Ae
238 4063 377 4146 primum
400 4062 527 4125 nomino
550 4082 602 4125 eos
618 4061 674 4144 qui
690 4060 846 4125 scandunt
860 4079 1007 4122 rnensorc
1021 4056 1225 4142 syllabarum.

53 4196 94 4262 G.
130 4195 277 4272 Bolssier,
313 4203 363 4260 des
386 4220 452 4261 vers
475 4201 575 4259 latins.
621 4201 749 4259 Journal
772 4200 822 4259 des
846 4198 972 4258 Savsnts
997 4195 1081 4255 1881
1104 4215 1135 4272 p.
1162 4195 1222 4253 151

165 4291 271 4349 -170
306 4294 337 4349 et
369 4290 541 4349 274-286
566 4287 630 4361 (sed
652 4290 689 4348 B.
712 4292 802 4366 putat
823 4305 991 4346 mensuram
1014 4284 1109 4361 ipsam
1133 4303 1225 4359 quan-
