2910 4778
541 333 611 379 OAP.
630 333 674 380 VI.
693 325 709 391 ᾗ
729 334 753 379 3.
1165 292 1232 385 LMV

61 506 192 568 meliore
227 503 388 588 rhythmo,
424 509 458 569 ut
494 527 554 590 ego
588 506 711 589 scripsi,
742 509 837 571 uict.
861 510 961 570 imm.
987 529 1066 572 aur.
1090 507 1231 590 pulcr.‚

53 621 129 684 siue
154 623 315 684 auream
340 621 798 686 immolabatuictimam
815 621 1139 704 pulcram‚tamen
1156 646 1232 687 ana·
1342 661 1345 666 ,

60 737 145 800 crusi
181 737 312 800 carebit.
360 739 391 799 et
426 737 599 800 editoribus
633 736 672 800 iis
708 738 822 820 quibus
857 737 1012 801 maximae
1045 760 1138 802 curae
1164 743 1233 802 erat

59 875 100 916 ne
137 853 192 936 qui
226 874 338 916 uersus
373 852 496 916 scilicet
531 853 678 916 anacrusi
713 856 847 933 careret,
883 856 938 916 aut
972 854 1071 918 uerba
1102 855 1233 939 'grauius

58 969 214 1032 mutanda
248 968 376 1031 fuerunt
412 972 466 1031 aut
501 969 549 1032 uis
583 969 750 1052 prosodiae
774 969 946 1033 afferenda.
993 968 1138 1034 Haustus
1161 969 1232 1053 qui·

59 1085 133 1147 dem
169 1088 201 1147 et
227 1082 391 1147 Baehrens
414 1085 554 1166 primum
577 1106 705 1148 uersum
728 1085 774 1148 sic
797 1086 969 1150 scandunt:
996 1083 1233 1169 ”postquam

58 1202 176 1263 auem
209 1199 331 1282 aspexit
354 1200 387 1262 in
411 1203 434 1263 t.
460 1199 585 1264 Anch.'’
610 1222 706 1284 quam
728 1204 852 1264 tantam
877 1200 1083 1285 asperitatem
1106 1200 1234 1284 fugiens

57 1315 220 1379 Lucianus
243 1314 380 1378 Mueller
403 1301 518 1379 nouum
544 1319 638 1398 atquc
663 1315 841 1381 inauditum
866 1316 955 1379 finxit
970 1317 1104 1381 uerbum
1120 1320 1233 1398 post-

57 1432 253 1516 quamde3
288 1431 335 1494 ita
366 1431 450 1494 enim
474 1431 545 1494 ille:
572 1432 860 1515 ’'postquamde
886 1437 961 1496 aues
986 1432 1110 1515 aspexit
1136 1482 1143 1496 .
1169 1482 1175 1494 .
1202 1434 1232 1496 .”
1325 1420 1327 1425 ’

56 1548 148 1611 tertii
173 1550 279 1610 autem
303 1568 414 1610 uersus
437 1547 526 1629 prius
550 1545 786 1611 hemistichium
813 1546 954 1612 Havetus
972 1551 1003 1611 et
1019 1546 1233 1610 Baehrensius

56 1665 104 1727 sic
129 1663 284 1726 scandunt
307 1685 365 1745 per
387 1663 503 1726 tmesin
526 1662 711 1726 inusitatam
729 1663 770 1744 1);
788 1660 831 1726 ln
849 1664 1011 1727 duredm
1026 1663 1234 1728 molaihant

59 1831 65 1843 .
94 1832 100 1843 .
128 1829 135 1843 .
162 1831 169 1858 ‚
194 1779 353 1843 Lucianus
381 1783 487 1842 autem
510 1777 648 1842 Mueller
670 1780 768 1843 uerbo
791 1779 997 1861 interposito:
1020 1786 1086 1842 turn
1108 1780 1233 1843 uicti·

56 1919 158 1959 mam
193 1895 439 1960 immolabat.
488 1897 520 1958 et
544 1894 595 1958 hic
620 1895 747 1980 quidem
770 1896 890 1960 leniore
913 1917 988 1959 usus
1012 1899 1060 1958 est
1083 1895 1233 1975 remedia

57 2012 145 2095 quod
168 2013 346 2094 probarem,
371 2011 398 2074 si
422 2011 501 2074 nulli
519 2011 574 2074 alii
589 2033 700 2075 uersus
718 2014 823 2074 essent
839 2011 894 2094 qui
911 2011 1057 2075 anacrusi
1073 2015 1231 2077 carerent.

911 2219 1230 2228 ——--——-——·0

172 2344 195 2419 ¹)
219 2349 392 2425 Numquam
427 2353 543 2410 talem
560 2351 712 2428 ⁴equidem
748 2350 849 2408 inueni
879 2349 985 2407 tmesin
1008 2348 1234 2424 praepositionis
1286 2328 1295 2352 ³

59 2438 218 2513 nerbique.
265 2458 334 2496 nam
368 2431 419 2498 illa
453 2445 590 2498 ueterum
625 2440 789 2499 carminum
823 2457 913 2515 prae
936 2439 1000 2496 ted
1023 2441 1234 2506 tremonte,

55 2528 104 2586 ob
139 2545 207 2586 uos
231 2547 356 2599 sacro,
381 2531 449 2588 sub
478 2548 544 2589 uos
567 2530 693 2604 placo,
717 2532 753 2587 ut
777 2548 836 2588 non
859 2529 955 2586 dicam
979 2527 1148 2602 antiquiora
1172 2545 1233 2585 csse

56 2616 168 2674 Naeuii
203 2620 310 2687 aetate,
348 2637 382 2675 ex
418 2619 475 2677 alio
509 2623 580 2677 sunt
602 2637 719 2693 genere,
743 2618 772 2675 in
797 2618 906 2694 quibus
929 2617 1084 2674 interiecta
1108 2621 1152 2674 est
1175 2635 1234 2674 uox

56 2706 263 2781 monosyllaba
277 2711 306 2764 et
318 2707 538 2782 pronominalis.
570 2707 699 2765 eiusdem
711 2707 826 2783 generis
839 2719 884 2766 est
894 2707 969 2764 illud
978 2705 1066 2763 Ennii
1078 2706 1139 2762 253
1152 2697 1185 2762 B
1193 2726 1234 2752 =

57 2795 124 2851 401
161 2789 331 2853 M=373
374 2791 402 2853 V
424 2795 795 2855 ‘demehoritatur’.
841 2796 911 2854 item
936 2796 986 2853 illa
1010 2793 1236 2869 apudFestum

57 2887 246 2958 transque
270 2885 375 2956 dato,
400 2886 571 2960 endoquc
595 2886 751 2960 plorato
775 2887 805 2943 et
819 2885 893 2943 illud
909 2884 1016 2942 Lucilii
1032 2903 1079 2959 ap.
1097 2881 1235 2941 Consent.

56 2973 124 3034 391
150 2967 187 3030 Κ
207 2993 350 3048 conque
374 2975 617 3033 tubernalem
642 2976 672 3031 et
694 2972 1086 3032 illaLucretiidisiectis
1103 2972 1235 3046 disque

55 3062 229 3136 supatis,
247 3063 425 3138 indignos
441 3064 556 3138 inque
572 3066 760 3121 metentes
777 3062 882 3120 tmesin
900 3062 1013 3120 faciunt
1028 3080 1081 3136 per
1098 3062 1236 3136 copulam

56 3152 296 3226 monosyllabam
320 3157 349 3210 et
372 3153 547 3212 encliticam.
595 3154 624 3209 et
648 3151 773 3226 denique
795 3151 867 3209 Hor.
885 3150 913 3208 S.
931 3150 945 3207 1
964 3149 992 3206 1.
1011 3149 1051 3208 86
1070 3152 1234 3226 argento

56 3244 146 3317 post
180 3241 304 3299 omnia
335 3261 452 3317 ponas
477 3246 506 3300 et
531 3242 621 3316 Verg.
645 3241 721 3298 Aen.
745 3240 846 3298 1412
872 3240 1015 3298 circum
1039 3239 1106 3297 dea
1131 3238 1236 3297 fudit

57 3331 206 3388 amictu
240 3330 325 3388 tmesi
352 3335 530 3406 separantur
554 3351 571 3388 a
594 3330 688 3389 uerbo
712 3348 763 3386 eae
786 3327 1018 3404 praepositiones
1043 3348 1119 3402 quae
1144 3328 1234 3386 etiam

56 3425 131 3478 sunt
165 3419 306 3477 aduerbia
341 3426 371 3478 ct
404 3440 457 3496 per
480 3439 510 3478 se
533 3420 604 3495 poni
626 3423 761 3494 possunt.
808 3418 849 3476 sic
871 3417 944 3476 Hor.
970 3415 989 3474 S
1013 3416 1028 3474 I
1052 3418 1082 3474 3.
1108 3417 1148 3474 92
1172 3435 1235 3492 po·

56 3508 180 3566 situm
215 3511 302 3566 ante
333 3528 387 3584 pro
411 3509 683 3584 antepositum.
729 3507 865 3565 similiter
887 3509 1045 3565 excusatur
1067 3506 1142 3564 illud
1165 3505 1236 3565 Ver·

55 3596 123 3677 gilii
140 3595 176 3655 G.
192 3595 240 3655 III
256 3598 317 3655 381
336 3603 480 3673 septem
496 3598 674 3656 subiecta
690 3596 821 3665 trioni,
836 3597 915 3672 quod
928 3594 1017 3653 etiam
1030 3595 1146 3653 duabus
1157 3595 1236 3653 uoci·

54 3687 115 3745 bus
139 3686 211 3745 dicti
233 3691 304 3746 sunt
328 3690 449 3762 'septem
473 3687 592 3745 trioncs'
617 3690 647 3745 et
670 3686 786 3745 eosdem
802 3685 893 3762 Verg.
908 3684 937 3742 A
952 3684 998 3742 III
1016 3682 1077 3742 516
1096 3683 1237 3760 'geminos

56 3775 203 3835 Triones'.
241 3805 281 3814 -
313 3775 393 3834 Fest.
419 3775 481 3834 228
509 3770 566 3834 Th.
590 3770 627 3832 do
651 3768 740 3850 Pon„
767 3775 828 3833 197
853 3769 897 3832 M
918 3773 996 3831 ”Sed
1018 3773 1078 3830 iam
1101 3792 1131 3831 se
1155 3774 1236 3832 caelo
1320 3834 1325 3845 ,

28 3865 165 3928 .cedens
194 3883 302 3923 aurora
325 3865 455 3923 obstinet
477 3883 565 3922 suum
588 3868 738 3940 patrem”‚
763 3864 911 3940 singulare
935 3866 981 3921 est
1004 3866 1042 3932 et,
1060 3862 1157 3931 cred0,
1175 3880 1236 3920 cor·

55 3959 194 4030 ruptum.
242 3955 287 4012 ’de
312 3955 392 4012 caelo
416 3958 451 4012 c.'
481 3954 611 4030 Scaliger
635 3954 755 4029 optime.
798 3953 869 4028 quid
885 3953 981 4011 dicam
997 3950 1126 4008 Ennium
1141 3969 1237 4024 praua

56 4044 182 4102 Homeri
216 4043 382 4102 imitatione
419 4073 458 4082 --
495 4043 575 4118 quod
605 4043 753 4102 existimat
776 4041 850 4101 Luc.
873 4042 999 4100 Mueller
1023 4039 1058 4097 de
1082 4037 1115 4107 Q.
1140 4037 1236 4098 Ennio

54 4153 86 4210 p.
125 4133 187 4192 241
226 4163 267 4172 -
302 4151 408 4190 ausum
443 4151 504 4191 esse
528 4132 568 4190 sio
592 4132 719 4190 scribere
744 4150 828 4190 cere
853 4128 1083 4190 comminuit
1106 4127 1235 4185 hrum?

56 4242 94 4281 an
130 4223 241 4282 idcirco
277 4221 328 4280 Gn.
365 4221 523 4291 Naeuium,
555 4221 625 4279 licet
648 4221 803 4288 habeatur,
828 4224 864 4279 ut
886 4220 954 4287 fuit,
979 4215 1136 4285 horridior,
1164 4214 1242 4274 talia·

55 4315 193 4372 monstra
216 4330 250 4370 ac
275 4312 414 4386 portenta
438 4310 540 4369 fecisse
563 4310 732 4385 putandum
756 4312 820 4367 est?

1109 4429 1129 4475 V
