2910 4778
587 321 656 368 aar.
676 321 696 367 1.
716 314 731 380 a*
751 322 775 367 4.
1231 321 1268 367 xr

201 492 355 558 Neutrius
379 497 505 578 generis
529 495 710 577 exemplum
733 493 841 557 inueni
858 493 890 556 in
907 493 1100 557 carminibus
1117 495 1266 557 saturniis

92 610 146 674 ael
169 610 209 673 iis
233 611 426 675 carminibus
449 632 530 694 quae
554 610 704 674 saturniis
728 614 875 674 constant
897 611 977 671 κατὰ
994 612 1096 693 στίχον
1112 609 1266 674 ordinatis

94 763 136 770 —
172 748 254 811 quae
288 728 362 790 sunt
386 727 492 810 elogia
516 724 698 810 Scipionum
721 724 846 789 Pettiae
871 725 1002 790 Caecilii
1025 724 1153 804 Naeuii,
1177 725 1266 789 dedi·

92 842 178 906 catio
203 841 448 920 Vertuleiorum,
473 842 631 905 dedicatio
654 863 835 925 coquorum,
860 840 995 924 Odyssia
1017 842 1114 919 Liuii,
1139 841 1263 905 Bellum

92 958 249 1022 Punicum
284 955 412 1036 Naeuii,
445 957 570 1022 deuotio
594 957 686 1021 Decii
712 993 751 1001 —-
776 957 838 1020 nisi
862 958 944 1021 l'orte
968 956 1053 1021 hunc
1076 979 1203 1021 uersum
1228 958 1266 1021 de

93 1074 209 1159 elogiis
244 1071 427 1157 Scipionum
462 1073 689 1156 antiquissimis
722 1072 932 1136 Cornelius
957 1072 1103 1136 Lucius
1127 1072 1266 1156 Scipio

92 1188 307 1253 Barbatus.
343 1211 417 1252 nam
443 1189 512 1252 ded.
538 1191 568 1252 5.
594 1191 613 1251 5
638 1189 683 1251 sic
707 1189 817 1251 scandi
840 1192 960 1271 potest:
986 1189 1090 1252 dont
1114 1190 1267 1252 danunt

92 1303 238 1369 Hercli
269 1340 321 1367 -.
368 1303 479 1387 quodsi
499 1325 583 1366 unus
607 1325 646 1367 ex
670 1303 812 1367 ducentis
835 1325 936 1388 prope
959 1304 1109 1367 saturniis
1132 1305 1187 1388 qui
1211 1327 1267 1369 ex·

90 1423 180 1484 stant
202 1420 299 1484 talem
323 1441 504 1483 mensuram
528 1419 678 1497 admittit,
703 1419 851 1503 quoniam
875 1442 938 1483 non
955 1424 1003 1482 est
1019 1424 1266 1485 consentaneum

93 1558 157 1599 uno
181 1535 324 1618 exemplo
346 1556 464 1598 nouum
489 1556 525 1598 ac
549 1535 710 1598 diuersum
734 1556 834 1619 genus
858 1556 968 1598 uersus
991 1535 1125 1598 saturnii
1149 1536 1265 1613 facere,

90 1651 198 1734 potius
221 1651 393 1714 uidendum
418 1652 466 1713 est
489 1672 552 1734 qua
575 1639 696 1714 ratione
714 1651 753 1714 ad
770 1655 879 1714 uetera
895 1653 928 1714 et
943 1652 1073 1734 cognita
1088 1651 1140 1714 hic
1157 1674 1268 1716 uersus
1355 1700 1358 1707 «

92 1767 195 1849 possit
228 1767 381 1830 reuocari.
429 1788 538 1850 quare,
573 1767 722 1849 quoniam
755 1788 819 1830 non
845 1766 921 1829 licet
944 1789 1072 1829 uersum
1095 1767 1266 1832 iambicum

91 1882 218 1966 dactylo
241 1883 343 1959 finire,
367 1903 605 1965 nonnumquam
628 1886 733 1945 tamen
752 1883 952 1965 antiquorum
968 1881 1182 1946 Romanorum
1198 1890 1266 1948 arte
1363 1882 1366 1887 ’

90 1993 266 2062 horridiore
291 2001 323 2062 et
347 1997 519 2062 domestica
542 1998 576 2062 in
599 1998 703 2061 medio
727 1997 877 2082 rhythmo
900 1998 953 2061 uel
976 2000 1009 2060 in
1033 1997 1175 2082 rhythmi
1191 2022 1265 2082 per-

66 2098 249 2196 petuitate
284 2136 343 2177 uox
378 2114 535 2197 dactylica
563 2114 725 2197 dactylum
749 2117 875 2197 aequat,
900 2136 971 2177 eam
995 2115 1035 2178 ob
1060 2136 1127 2177 rem
1150 2119 1267 2197 putan-

92 2231 169 2293 dum
203 2232 252 2292 est
287 2228 371 2294 hunc
407 2252 516 2293 uersus
551 2252 659 2293 carere
695 2230 840 2309 diaeresi,
876 2233 912 2294 ut
940 2230 1014 2293 talis
1039 2231 1186 2314 dactylus
1211 2254 1266 2295 ex-

91 2346 287 2410 cusationem
310 2346 470 2429 quandam
492 2345 610 2410 habeat
633 2345 775 2427 rhythmi
790 2347 1005 2429 perpetuitate
1022 2347 1192 2411 interuallo
1210 2352 1265 2410 aut

92 2461 183 2526 nullo
219 2465 275 2525 aut
310 2483 405 2546 quam
440 2462 571 2526 minimo
605 2463 793 2544 interrupta.
841 2462 896 2525 sed
929 2463 1032 2545 possis
1067 2465 1110 2526 sic
1141 2485 1266 2548 quoque

91 2578 315 2661 pronuntiare:
341 2577 492 2661 Lucjus
515 2600 574 2660 per
597 2578 799 2661 disyllabum.

199 2691 280 2758 Sunt
303 2697 409 2758 autem
433 2692 569 2757 disticha
591 2694 700 2757 italica
724 2694 895 2757 eorundem
919 2716 1072 2778 generum
1088 2716 1169 2777 quae
1186 2694 1266 2758 Cae·

88 2811 158 2873 sius
180 2810 201 2874 l.
225 2832 257 2894 q.
278 2811 307 2873 d.
329 2810 410 2874 dixit
426 2831 494 2873 esse
511 2831 621 2873 uersus
637 2810 782 2873 saturnii.
817 2813 853 2874 ut
870 2832 940 2873 cum
957 2832 1075 2894 genere
1091 2809 1146 2874 illo
1161 2812 1267 2893 priore

90 2927 243 2991 conuenit
276 2928 356 2990 sent.
392 2927 445 3004 55,
480 2927 542 2989 nisi
576 2926 659 3008 qnod
690 2926 825 3009 exempli
849 2926 974 3010 quoda
998 2925 1108 2990 Caesio
1132 2927 1267 2991 relatum

88 3048 141 3106 est
174 3043 262 3126 prior
295 3064 370 3125 pars
405 3055 453 3106 est
483 3042 657 3125 dactylica:
683 3043 867 3107 consulto
889 3043 1081 3126 producit
1105 3047 1188 3106 erim
1214 3079 1266 3121 —,

87 3160 272 3222 sententiae
301 3162 353 3223 55.
378 3158 556 3223 trochaica:
581 3159 649 3223 ubi
672 3181 749 3223 non
772 3162 829 3221 sis
852 3159 920 3241 qui
944 3158 1113 3222 faueris.
1160 3163 1267 3241 poste·

88 3267 158 3339 rius
182 3279 289 3338 autem
305 3296 407 3359 genus
423 3274 512 3354 illud,
530 3275 615 3357 quod
631 3274 712 3337 dixit
729 3273 874 3338 Caesius:
894 3272 1049 3337 ”turdis
1067 3274 1267 3339 edacibus

87 3496 187 3554 durch
221 3495 366 3571 Beispiele
393 3495 554 3572 hinlaglieh
576 3495 755 3572 gesichert''.
782 3524 821 3534 -
846 3495 942 3570 Atqui
965 3513 1140 3572 peruersum
1164 3498 1193 3553 et
1217 3496 1266 3554 ab·

92 3585 219 3643 surdum
244 3589 289 3643 est
312 3585 404 3660 siquis
427 3585 521 3662 fingat
545 3587 630 3644 colon
653 3585 813 3643 iambicum
838 3585 918 3660 quod
934 3585 1053 3642 caderet
1068 3584 1098 3641 in
1115 3585 1266 3658 dactylum

89 3678 274 3749 usurpatum
308 3693 370 3732 esse
406 3674 443 3731 ab
479 3673 609 3749 antiquis
637 3674 785 3747 RomeniS,
815 3673 867 3748 qui
890 3674 1021 3732 carmina
1044 3673 1264 3748 quantitatibus

91 3763 224 3821 dimensa
258 3764 427 3838 pauserint.
472 3763 502 3820 in
534 3783 594 3837 qua
617 3782 648 3820 re
671 3782 778 3821 uerum
801 3762 878 3821 uidit
902 3762 938 3821 G.
962 3763 1152 3821 Hermannus
1174 3763 1212 3820 el.
1238 3764 1266 3822 d.

92 3871 134 3909 in.
166 3871 195 3928 p.
222 3851 296 3910 612.
341 3871 410 3911 nam
427 3853 508 3926 quod
530 3851 601 3910 Itali
624 3853 801 3911 recentiores
825 3852 930 3910 iambis
953 3855 984 3909 et
1006 3851 1153 3910 trochaeis
1176 3853 1265 3910 inter·

90 3941 165 3998 dum
195 3940 357 3999 admiscent
379 3941 542 4000 uersiculos
566 3945 823 4017 proparoxytonos
847 3935 946 4015 (acrei
968 3935 1159 4011 sdruccioli),
1183 3941 1213 3998 id
1236 3941 1267 3998 in

91 4029 152 4087 alia
176 4029 274 4088 indole
297 4030 439 4089 sermonis
463 4035 493 4088 et
516 4029 729 4106 posterioribus
753 4029 937 4105 temporibus
961 4033 1065 4087 natum
1082 4034 1135 4098 est,
1154 4030 1189 4087 de
1206 4049 1265 4104 qna

92 4137 125 4176 re
150 4118 188 4177 cf.
213 4117 318 4194 Nigra,
343 4114 500 4177 Bamaaia
523 4119 551 4175 V
575 4120 637 4176 422
664 4122 694 4176 et
716 4118 896 4188 Fraccarali,
922 4112 1021 4176 d'aaa
1043 4113 1141 4174 icaria
1163 4114 1266 4175 raaia-

93 4202 166 4284 aaic
187 4201 221 4265 di
242 4209 330 4265 nacta.
355 4203 489 4265 italiana
512 4228 542 4284 p.
567 4209 608 4266 34
632 4211 662 4266 et
687 4208 726 4266 36
752 4213 782 4266 et
805 4207 1027 4278 F.Ram01·ino,
1044 4200 1268 4265 clairacosser·

90 4291 219 4354 raziam
239 4316 269 4372 p.
296 4295 370 4355 221.
