2934 4778
235 317 356 364 COXXIV
629 320 816 367 PRAEFATIO
835 319 1015 367 EDI'l'IONlS.

235 513 303 555 ram
338 514 400 557 non
433 496 499 555 tam
527 516 546 556 a
570 493 728 557 communi
753 493 874 557 ratione
899 515 1007 558 eorum
1031 494 1085 577 qui
1109 492 1202 558 hodie
1227 495 1266 558 de
1290 493 1349 558 hac
1371 516 1402 558 re

235 608 397 690 disputare
432 607 534 671 solent
569 630 606 671 ea
641 630 710 672 esse
734 609 872 691 repetita
895 630 990 691 quam
1015 632 1034 672 a
1057 608 1245 673 Baehrensii
1270 611 1403 694 quodam

235 745 342 787 errore
377 724 538 806 profecta;
574 724 629 787 sed
660 745 698 787 ea
721 725 827 807 opinio
852 747 901 788 me
925 724 1050 788 fefellit.
1097 747 1233 808 namque
1258 726 1314 790 ubi
1344 726 1403 789 adii

233 838 333 903 libros
368 844 544 903 ceterorum
580 840 634 923 qui
656 845 729 923 post
752 839 964 904 Ritschelium
988 841 1026 904 de
1051 840 1111 905 hac
1134 863 1168 904 re
1193 841 1240 905 ita
1264 841 1404 926 disputa·

234 959 308 1018 runt
334 959 367 1018 ut
390 978 556 1020 numerum
580 956 753 1020 saturnium
780 956 1001 1020 dimetirentur
1023 956 1218 1040 syllabarum
1243 958 1404 1040 quantita·

233 1072 329 1150 tibus,
366 1073 431 1136 uidi
467 1095 575 1137 omnes
611 1073 788 1136 consentire
825 1075 857 1135 et
891 1071 1014 1135 hiatum
1049 1073 1156 1136 sedem
1179 1073 1347 1156 propriam
1369 1062 1421 1138 ac*

233 1186 411 1272 legitimam
435 1189 468 1251 in
491 1187 648 1252 Saturniis
672 1187 790 1253 habere
816 1224 856 1233 -
882 1189 943 1252 nisi
967 1193 1075 1252 tamen
1091 1188 1252 1252 Luciacus
1269 1188 1402 1254 Mueller

233 1301 357 1366 hiatum
392 1304 474 1366 uitat
510 1340 550 1348 —
587 1307 619 1367 et
654 1306 767 1368 breues
797 1303 935 1387 syllabas
960 1304 1071 1367 finales
1095 1304 1223 1388 quidem
1248 1305 1317 1369 sine
1341 1305 1401 1369 ulla

235 1419 435 1484 dubitatione
459 1420 491 1482 in
517 1420 624 1483 ''arsi''
650 1441 718 1483 esse
743 1420 969 1501 producendas.
1016 1419 1154 1503 suspicio
1176 1420 1279 1505 igitur
1297 1422 1401 1506 grauis

234 1535 313 1598 mihi
330 1536 491 1599 insederat
508 1536 685 1619 dubiusque
702 1535 807 1600 animo
824 1535 1005 1600 haerebam.
1034 1536 1212 1600 dubitarem
1226 1536 1319 1619 sequi
1332 1558 1400 1600 auc·

234 1652 394 1714 toritatem
429 1655 477 1715 tot
512 1654 543 1715 et
566 1655 632 1715 tam
655 1651 827 1714 illustrium
851 1651 1154 1733 grammaticorum?
1189 1652 1334 1716 animum
1357 1654 1400 1716 iu-

233 1767 347 1831 ducere
383 1789 444 1831 non
479 1771 623 1850 poteram
658 1770 694 1830 ut
724 1767 884 1831 crederem
914 1767 1025 1850 poesin
1048 1789 1173 1831 omnem
1198 1767 1400 1833 domesticam

232 1881 446 1946 Romanorum
481 1887 528 1947 tot
564 1885 595 1946 et
629 1883 727 1946 tantis
757 1883 890 1946 maculis
914 1904 982 1946 esse
1007 1882 1215 1965 inquinatam.
1263 1885 1399 1949 transfu-

148 1988 152 1999 ’
232 2020 343 2080 gerem
366 1998 466 2083 igitur
490 2000 522 2061 in
546 2003 650 2063 castra
674 2021 781 2062 eorum
806 1997 860 2081 qui
884 1997 1082 2081 quantitates
1105 1998 1303 2083 syllabarum
1327 2001 1399 2065 mis-

230 2136 282 2176 sas
306 2113 451 2177 fecerunt
481 2118 512 2177 et
535 2120 699 2198 tamquam
723 2136 821 2200 graue
846 2136 925 2178 onus
950 2115 1155 2178 abiecerunt?
1190 2113 1328 2180 historia
1350 2117 1400 2181 lit·

231 2233 373 2293 terarum
397 2235 429 2294 et
451 2231 581 2315 linguae
605 2231 724 2295 latinae
749 2231 779 2294 ei
795 2231 842 2294 rei
858 2252 1038 2315 repugnare
1055 2231 1224 2296 uidebatur
1244 2233 1277 2309 ¹).
1319 2233 1401 2317 quod

232 2367 303 2409 cum
338 2346 383 2410 ita
412 2350 505 2425 esset,
529 2350 637 2410 tamen
660 2346 858 2410 committere
882 2347 1029 2411 nolebam
1053 2349 1088 2409 ut
1112 2348 1328 2431 desperationi
1352 2371 1401 2412 me

232 2462 340 2525 darem
376 2483 413 2525 ac
448 2462 622 2540 socordiae,
647 2467 679 2525 et
701 2464 794 2545 turpe
819 2466 897 2540 erat,
922 2482 992 2525 oum
1018 2465 1151 2546 utraque
1175 2463 1258 2527 ratio
1282 2463 1401 2548 impro-

232 2578 347 2642 babilis
382 2564 557 2656 uideretur,
592 2582 647 2642 aut
669 2578 730 2641 hac
755 2582 809 2641 aut
832 2578 888 2641 illa
912 2578 1123 2661 acquiescere.
1170 2583 1278 2643 nostro
1302 2580 1404 2664 igitur

230 2693 334 2757 Marte
359 2717 425 2758 rem
449 2694 686 2778 temptauimus,
705 2694 731 2757 si
754 2717 817 2778 qua
841 2694 976 2757 inueniri
999 2697 1106 2778 posset
1128 2694 1210 2758 ratio
1234 2717 1300 2779 qua
1323 2695 1404 2761 haec

229 2810 375 2893 quaestio
410 2816 477 2873 tam
511 2810 662 2873 intricata
697 2810 742 2873 ita
765 2810 942 2874 solueretur
966 2814 1001 2873 ut
1024 2832 1082 2874 nec
1106 2832 1289 2875 communes
1314 2813 1404 2899 leges

230 2927 395 3009 prosodiae
419 2927 538 2990 latinae
562 2926 759 2990 uiolarentur
783 2930 814 2990 et
837 2926 1009 3009 quantitati
1026 2926 1219 3009 syllabarum
1235 2949 1321 3010 quae
1337 2929 1405 2994 ictu

231 3046 476 3124 percuterentur
499 3042 716 3106 uindicaretur
746 3042 793 3105 uis
817 3064 874 3105 sua
898 3063 935 3104 ac
959 3042 1095 3125 propria.
1142 3043 1227 3124 quod
1251 3044 1406 3125 quoniam

229 3160 354 3220 tantum
389 3158 515 3241 quidem
552 3158 725 3242 profecisse
749 3157 894 3221 uidemur
917 3162 952 3220 ut
976 3179 1036 3220 uox
1060 3157 1160 3220 latina
1183 3180 1265 3241 quae
1292 3160 1328 3223 in
1351 3182 1406 3225 ce-

229 3273 307 3336 teris
331 3272 444 3357 priscis
468 3274 662 3338 carminibus
687 3274 796 3336 eadem
817 3273 848 3336 in
875 3272 1031 3337 Saturniis
1055 3273 1153 3337 fuisse
1176 3275 1405 3357 perspiciatur,

230 3389 291 3453 etsi
327 3389 443 3472 aliqua,
468 3393 503 3453 ut
526 3391 559 3453 in
582 3411 616 3453 re
640 3390 764 3454 lubrica
788 3393 883 3472 atque
907 3390 1051 3467 obscura,
1076 3393 1149 3453 sunt
1171 3389 1278 3453 minus
1303 3395 1405 3470 certa,

228 3508 338 3569 tamen
360 3504 440 3569 haec
464 3506 586 3570 edimus
610 3506 643 3568 in
659 3505 841 3589 publicum3
866 3507 1035 3588 propterea
1051 3506 1134 3589 quod
1150 3526 1319 3589 speramus
1335 3508 1405 3574 fore

228 3621 284 3704 qui
319 3622 409 3686 nobis
445 3622 658 3709 assentiantur
681 3621 876 3705 spernendos
900 3642 968 3684 esse
992 3641 1029 3684 ac
1052 3621 1265 3705 repudiandos
1290 3620 1405 3688 Satur·

228 3736 297 3801 nios
332 3738 402 3802 illos
426 3738 481 3821 qui
505 3737 602 3822 uulgo
633 3737 779 3801 feruntur
801 3740 868 3800 tam
891 3735 1013 3818 hiulcos
1038 3739 1070 3799 et
1093 3736 1244 3813 elumbes,
1269 3739 1404 3822 quique,

228 3854 339 3937 siquae
363 3854 455 3918 nobis
479 3855 583 3918 minus
606 3853 829 3937 processerint,
854 3874 892 3916 ea
915 3853 954 3916 ad
978 3852 1134 3935 liquidum
1157 3854 1349 3935 perducant.

342 4024 364 4099 ¹)
389 4029 449 4088 Suo
472 4029 536 4086 iure
559 4029 711 4105 Remigius
735 4027 920 4086 Sabbadinus
945 4021 1024 4084 'Bria
1046 4022 1080 4084 di
1093 4020 1179 4103 fedol!
1197 4028 1269 4086 XIV
1286 4023 1404 4106 (1886)

227 4139 258 4194 p.
286 4120 347 4177 134
373 4117 504 4188 '’Questa
528 4114 663 4193 opinione
687 4112 815 4192 (scilicet
838 4118 890 4175 che
914 4116 1110 4175 anticamente
1132 4117 1161 4174 la
1184 4118 1286 4193 poesia
1309 4121 1405 4180 latina

228 4208 305 4266 fosse
340 4207 558 4278 accentuativa)
593 4225 651 4265 non
686 4208 724 4264 ha
759 4206 859 4264 valore
894 4205 1062 4275 scientifice,
1091 4206 1198 4281 perche
1220 4211 1405 4270 mancanoi

228 4296 430 4356 documenti'’.
