2910 4778
501 331 781 382 conrascluonas,
1176 310 1223 381 47

55 494 100 548 15·
164 478 281 558 Cautio
317 485 364 556 ad
400 486 658 560 ischiadem
693 487 875 559 herbam
909 486 1226 559 britannicam

528 619 812 713 colligentis.

324 777 480 850 Terram
508 779 622 852 teneo
651 779 807 852 herbam
837 778 933 874 lego.

323 901 445 996 prosit
472 904 520 975 ad
549 902 648 997 quod
676 907 717 976 te
745 902 893 999 colligit.

316 1100 432 1181 Cautio
461 1112 514 1180 ad
541 1109 753 1181 uarulum
782 1109 1010 1182 adhibita.

323 1267 402 1341 Nec
430 1272 532 1362 parlt
560 1269 675 1356 mdla,

324 1392 394 1465 nec
422 1393 517 1487 lapis
546 1393 622 1467 fert
649 1394 789 1481 lanam,

325 1538 394 1589 nec
421 1517 509 1590 hdie
537 1517 670 1591 morbd
699 1522 812 1612 capnt
841 1516 997 1607 crescat,

326 1643 357 1713 si
385 1641 548 1715 creuerit
576 1641 757 1716 tabescat.

327 1820 443 1901 Cantio
472 1829 526 1900 ad
556 1851 737 1902 corcum
766 1833 1008 1924 usurpata.

327 1987 505 2061 Pastores
532 1994 572 2062 te
600 1987 843 2076 inuenerunt,

327 2114 407 2186 sine
435 2114 608 2185 manibus
636 2112 882 2207 collegerunt,

326 2243 406 2310 sine
434 2236 517 2310 fccd
546 2237 742 2325 coxerunt,

328 2364 409 2435 sine
438 2361 613 2434 dentibr'rs
642 2362 900 2435 comederunt.

172 2588 227 2654 15.
274 2595 484 2653 Marcellus
517 2595 553 2653 de
576 2596 653 2653 med.
677 2615 706 2670 p.
733 2594 792 2653 171
821 2588 856 2655 O.
886 2628 920 2638 —
940 2596 1023 2654 Inter
1037 2597 1232 2673 uerbalego

54 2687 88 2742 et
112 2683 241 2759 prosit
263 2683 454 2742 intersertum
484 2686 530 2741 est
545 2703 592 2759 ap.
610 2683 781 2742 Marcellum
801 2683 858 2741 ”in
874 2685 1021 2743 nomine
1041 2685 1231 2756 Christi'’;

57 2791 138 2848 quac
173 2772 363 2848 interpolatio
386 2773 500 2832 redolet
522 2772 752 2831 recentissimam
777 2776 915 2841 aetatem,
940 2792 1016 2849 quae
1040 2775 1134 2832 uerba
1158 2775 1232 2832 anti·

54 2881 120 2938 qua
145 2861 208 2919 ''ita
232 2862 400 2919 demutauit
422 2865 458 2920 ut
481 2862 566 2920 nonis
589 2862 755 2932 moribus'’,
780 2865 815 2920 ut
831 2863 873 2921 ait
889 2862 1061 2933 Buecheler,
1081 2867 1173 2939 '’apta
1188 2863 1232 2922 ni·

55 2952 232 3010 derantur”.
280 2969 396 3008 carmen
420 2952 515 3009 multo
532 2950 683 3026 antiquius
700 2969 761 3009 esse
783 2951 917 3010 Marcelli
932 2955 1028 3009 aetate
1045 2972 1079 3010 ex
1095 2953 1231 3012 uersibus

55 3039 140 3116 ipsis,
165 3039 302 3114 quamuis
325 3039 385 3097 sint
408 3039 529 3110 horridi,
553 3039 749 3116 intellegitur.
795 3040 906 3116 quippe
928 3041 1031 3098 rustici
1047 3040 1231 3117 temporibus

57 3127 226 3198 Theodosii,
262 3129 285 3187 si
317 3146 391 3203 quos
418 3129 589 3204 pangebant
604 3147 697 3188 nouos
713 3148 827 3199 uersae,
844 3148 893 3189 eos
909 3129 970 3187 sine
987 3128 1076 3188 dnbio
1094 3149 1152 3188 non
1170 3132 1232 3188 tam

56 3235 199 3276 mensura
235 3217 438 3292 quantitatum
463 3237 552 3293 quam
576 3218 608 3276 ui
631 3223 769 3277 accentus
792 3219 1036 3278 modulabantur.
1082 3219 1232 3277 hiantem

56 3324 165 3364 uersus
189 3305 359 3364 accentibus
374 3307 475 3364 scandi
490 3326 549 3366 non
565 3310 699 3382 possunt.

169 3387 225 3454 16.
272 3395 486 3454 Marcellus
516 3397 536 3454 l.
562 3413 586 3455 c.
606 3411 641 3474 p.
666 3392 708 3453 71
733 3389 765 3453 O.
791 3397 891 3455 mula
913 3395 1020 3472 parit
1047 3431 1081 3439 —
1108 3397 1231 3454 lanam

57 3477 249 3559 feraliter,
274 3484 453 3560 transposui.
482 3519 516 3528 -
543 3500 575 3542 u.
601 3480 630 3542 4.
655 3482 693 3555 si]
717 3480 848 3562 scripsi:
871 3488 924 3543 ant
946 3483 971 3544 si
993 3479 1079 3543 liber.
1101 3519 1136 3528 -
1155 3484 1232 3542 Bue-

57 3573 158 3632 cheler
180 3573 201 3631 l.
225 3591 250 3631 c.
274 3592 304 3648 p.
330 3573 392 3631 345
418 3592 454 3631 ex
475 3593 528 3632 uu.
555 3573 570 3631 1
597 3576 628 3632 et
652 3573 669 3630 2
694 3573 817 3631 mutatis
840 3573 939 3632 uerbis
963 3575 1043 3632 hunc
1064 3573 1135 3632 fecit
1150 3592 1231 3632 sena·

56 3662 155 3720 mum:
193 3664 267 3720 '’nec
302 3662 382 3719 rutila
420 3663 544 3738 peperit,
569 3680 622 3722 nec
644 3662 718 3736 lapis
741 3662 841 3719 lanam
864 3662 974 3733 tulit”;
1010 3663 1105 3721 aliena
1131 3665 1233 3721 tamen

56 3750 195 3827 perfecta
229 3750 267 3808 ab
290 3750 379 3809 huius
404 3751 462 3810 loci
484 3751 631 3810 sententia
653 3752 796 3809 uidentur
818 3769 891 3810 esse.
920 3785 954 3794 —-

170 3832 229 3899 17.
273 3839 483 3899 Marcellus
506 3841 526 3898 l.
551 3859 576 3899 c.
594 3856 630 3918 p.
657 3835 720 3897 154
746 3834 779 3898 C.
826 3839 924 3898 Etiam
950 3841 1020 3899 haec
1042 3840 1172 3900 carmina
1191 3840 1230 3900 16

59 3931 91 3986 et
118 3927 158 3986 17
185 3946 354 3986 mensuram
378 3929 580 4003 quantitatum
605 3928 743 3994 reddunt,
768 3948 822 3988 nec
844 3929 938 4005 magis
962 3949 1053 4005 quam
1076 3928 1231 4005 (lomprec.

61 4017 104 4075 14
130 4026 160 4075 et
186 4017 224 4075 15
250 4019 389 4075 accentus
411 4017 572 4076 uerborum
601 4051 635 4060 -
663 4017 743 4092 quod
767 4017 839 4076 dicit
862 4018 1024 4077 Buecheler
1038 4020 1059 4076 l.
1077 4037 1102 4078 c.
1118 4039 1148 4095 p.
1167 4019 1229 4078 345

62 4139 99 4149 —
119 4106 270 4164 scansione
286 4111 463 4181 sequuntur.
498 4107 554 4165 Illa
570 4109 670 4164 autem
686 4106 820 4165 Marcelli
835 4125 912 4183 quae
929 4108 1097 4165 attuleruut
1112 4106 1231 4166 Woclfl-

57 4193 139 4254 linus
173 4195 264 4253 Arch.
288 4195 312 4253 I.
339 4196 400 4254 355
426 4198 456 4254 et
480 4194 692 4254 Helmreichius
715 4194 805 4254 Arch.
830 4195 871 4254 ΙΙ.
889 4196 951 4253 423
970 4215 1027 4255 nou
1043 4198 1139 4256 metro
1155 4214 1231 4256 eom-

58 4284 158 4360 posita
181 4286 261 4354 sunt,
285 4285 335 4342 sed
358 4283 491 4343 oratioue
515 4302 683 4343 numerosa.
