2910 4778
535 312 605 358 OAP.
625 312 681 358 VII.
702 310 715 367 ἓ
736 314 759 358 9.
1159 312 1237 358 orm

100 486 294 568 ..''aiprtd
329 484 491 548 Lacaenas
526 485 701 569 uirgines”.
748 483 846 568 Trag.
870 484 931 548 inc.
956 485 1020 548 210
1044 483 1083 562 Β,
1108 483 1171 548 Cic.
1197 484 1236 548 de

60 603 115 666 off.
140 599 156 664 I
181 601 198 682 ξ
224 602 262 664 61
291 599 378 663 ''Vos
402 601 508 663 enim
532 600 662 663 iuuenes
687 600 827 662 a'nimum
852 599 963 683 geritis
987 599 1208 664 muliebrem''.

173 715 296 780 Horum
316 716 436 780 nullus
471 720 519 781 est
546 715 635 780 locus
659 738 698 779 ex
722 738 784 798 quo
807 737 869 778 non
893 714 998 798 aliquo
1021 716 1114 779 modo
1137 715 1236 779 corri-

61 833 169 917 gendo
206 854 243 895 ea
278 833 433 914 asperitas
469 832 565 894 eximi
589 831 699 915 possit,
723 834 758 894 ut
782 832 921 894 eximere
946 831 1140 894 contendunt
1164 852 1235 894 curn

62 948 158 1011 attii
144 951 212 1010 tum
237 947 396 1011 Lucianus
420 947 603 1011 Muellerus
650 947 705 1030 qui
732 947 813 1010 mult
800 946 1013 1024 tumlaboriS,
1038 946 1118 1009 mult
1105 950 1235 1030 tumque

62 1062 221 1126 acuminis
256 1063 478 1145 impenditut
501 1063 607 1145 prisea
631 1062 771 1125 carmina
795 1061 1010 1127 Romanorum
1034 1063 1074 1125 ad
1098 1063 1237 1126 seuerio-

61 1201 132 1242 rem
155 1201 299 1242 normam
324 1179 535 1261 posteriorum
559 1178 678 1261 exigat.
655 1179 781 1241 tsed
798 1177 879 1241 nihil
895 1179 1049 1263 agimust
1035 1178 1093 1242 tali
1111 1182 1234 1242 conatu

25 1292 28 1296 ⁵
59 1295 145 1358 frast
147 1317 182 1357 ra
216 1295 301 1358 enirn
328 1295 473 1358 ¹euellere
509 1295 693 1359 conabimur
727 1294 787 1358 hoc
812 1294 924 1376 priscis
948 1294 1012 1357 illis
1037 1295 1231 1358 carminibus

61 1411 192 1492 penitus
227 1411 372 1472 innatum
407 1411 538 1473 insitum
567 1410 711 1487 infixum,
747 1410 918 1492 exstirpari
952 1413 1060 1473 tamen
1095 1432 1156 1473 non
1181 1433 1236 1492 po·

61 1526 149 1588 terit.
126 1526 402 1608 tquamobrem
436 1547 499 1588 non
533 1525 625 1589 modo
659 1528 766 1589 nont
752 1525 892 1588 tollenda
927 1548 965 1588 ea
988 1530 1140 1608 quaeta
1094 1526 1140 1589 ιι
1163 1529 1236 1589 sunt

54 1644 135 1723 'post
138 1641 232 1704 eritat
219 1641 377 1704 titradit
364 1647 407 1718 ta,
432 1642 544 1704 sedt
511 1641 609 1704 etiarn
631 1641 700 1703 ueri
724 1641 827 1704 simile
853 1643 900 1703 est
924 1645 1083 1725 grammat
1084 1643 1148 1705 icos
1172 1641 1236 1706 Ro·

61 1779 174 1820 manos
209 1757 304 1839 ipsos,
335 1757 391 1839 qui
414 1760 485 1839 post
471 1757 641 1820 terioribus
665 1756 841 1821 floruerunt
864 1761 936 1819 aeta
938 1757 1033 1836 tibus,
1058 1779 1129 1821 cum
1153 1780 1236 1821 noua

63 1876 170 1936 essent
205 1873 373 1955 disciplina
407 1873 532 1950 imbuti,
558 1872 781 1955 antiquitatem
804 1871 898 1936 huius
922 1895 1047 1956 quoque
1071 1874 1116 1937 rei
1141 1897 1236 1957 saepe

61 1989 240 2052 sustulisse.

172 2105 294 2168 Eadem
329 2127 392 2187 qua
425 2104 542 2168 Accius
574 2109 679 2168 aetate
712 2105 773 2168 fuit
797 2105 995 2169 Lucilius.
1041 2108 1148 2169 tamen
1173 2129 1235 2170 non

63 2222 159 2286 modo
193 2243 255 2285 non
290 2221 323 2284 in
357 2221 561 2299 hexametris
599 2223 654 2284 sed
689 2222 741 2284 uix
769 2222 803 2284 in
826 2221 1016 2304 septenariis
1040 2222 1236 2304 senariisque

64 2339 133 2401 eius
168 2337 266 2400 ullam
302 2337 447 2400 inuenies
471 2339 650 2420 correptam
674 2359 784 2400 uocem
808 2341 863 2400 aut
886 2337 1137 2419 complexionem
1160 2311 1240 2402 uere⁸

62 2454 244 2530 iambicam,
269 2453 324 2516 sed
348 2452 447 2516 solum
472 2453 611 2536 syllabas
635 2454 812 2535 ambiguas,
836 2475 914 2535 quas
932 2453 1028 2516 etiam
1044 2454 1236 2536 posteriores

63 2570 291 2652 corripiebant,
315 2572 351 2632 ut
376 2570 510 2632 ”modo
535 2591 669 2647 sursum,
694 2570 805 2633 modo
830 2571 1005 2632 deorsumt
991 2574 1154 2652 tamquam
1172 2568 1236 2633 ccl·

64 2685 114 2749 lus
138 2684 269 2747 ιιιιιιιι”
295 2686 370 2759 (532
388 2683 440 2765 Β).
488 2687 519 2760 (a
536 2688 662 2766 corrept
663 2684 689 2746 is
648 2685 762 2747 ιιιιι
740 2685 826 2747 timis
843 2685 993 2748 nimirum
1010 2685 1072 2748 dist
1059 2686 1236 2768 tinguenda

63 2823 104 2863 ea
127 2823 208 2883 quae
233 2800 605 2883 synizesinpassasunt:
629 2823 713 2864 meo
736 2800 837 2864 Lucil.
863 2802 927 2864 478
945 2801 1001 2878 .;Β
1026 2802 1089 2864 mei
1114 2802 1175 2865 551
1202 2801 1235 2864 B

62 2941 103 2980 oo
128 2919 190 2980 568
216 2917 264 2994 Β;
293 2919 382 2980 cuius
407 2917 469 2981 749
496 2916 586 2979 Bet
573 2921 639 3000 ιιι
664 2939 688 2979 ι.
715 2917 781 2979 eius
806 2919 851 3001 g)

173 3033 269 3115 Apud
293 3033 453 3096 scaenicos
489 3033 574 3113 ipsos
598 3033 652 3115 qui
676 3036 748 3115 post
734 3032 929 3096 tLucilium
954 3033 1082 3096 fuerunt
1106 3056 1143 3096 ea
1167 3055 1235 3096 cor·

64 3149 169 3232 reptio
204 3148 291 3212 uocis
327 3151 358 3212 et
390 3148 616 3231 complexionis
641 3170 714 3211 uere
739 3148 895 3212 iambicae
920 3148 982 3210 cito
1005 3149 1176 3225 obsoleuit;
1201 3153 1237 3213 ut

63 3266 213 3329 uideatur
248 3286 315 3328 mos
351 3265 391 3327 ab
427 3286 463 3328 eo
488 3264 651 3327 institutus
675 3264 823 3327 celeriter
846 3287 865 3326 a
888 3263 1065 3327 iunioribus
1089 3269 1236 3348 receptus

63 3403 144 3445 esse.
184 3403 258 3443 nam
274 3380 333 3443 etsi
346 3379 477 3444 Sullana
493 3383 597 3444 aetate
614 3381 753 3443 nondum
769 3378 870 3443 omnis
886 3379 942 3443 illa
954 3382 1096 3442 uetustas
1113 3380 1234 3444 abolita

63 3501 124 3576 est,
148 3500 256 3559 tamen
279 3519 340 3560 non
365 3496 500 3559 multum
522 3496 584 3559 loci
608 3496 749 3559 retinuit.
796 3495 1049 3580 paucissimaque
1074 3498 1105 3557 et
1129 3517 1166 3558 ea
1190 3495 1234 3558 le·

63 3613 196 3676 nissima
230 3613 297 3675 eius
332 3612 540 3695 correptionis
567 3612 684 3675 indicia
707 3613 740 3675 in
764 3612 850 3674 illius
874 3610 988 3674 aetatis
1012 3610 1155 3693 reliquiis
1180 3632 1235 3672 ex-

61 3731 161 3792 stant.
207 3733 243 3791 ut
265 3732 393 3810 praeter
416 3728 583 3791 tritissima
604 3727 660 3790 illa
677 3730 709 3790 et
725 3726 947 3811 uulgatissima
964 3728 1011 3790 ab
1027 3725 1104 3789 illo
1120 3726 1234 3789 Afran.

62 3848 130 3927 tog.
167 3845 208 3906 25
244 3842 287 3920 ιιι
319 3843 419 3926 quod
443 3841 518 3906 ille
542 3841 695 3926 Pompon.
720 3842 805 3906 atell.
832 3844 847 3904 l
873 3841 903 3903 R
926 3863 995 3905 cur
1018 3841 1128 3904 istuc
1151 3838 1235 3904 Non.

63 3959 152 4023 stell.
177 3959 218 4022 52
243 3958 288 4034 Βς
313 3958 369 4021 sed
393 3959 482 4021 eccos
507 3957 620 4022 Afran.
645 3959 708 4022 235
733 3958 763 4020 Β
786 3956 839 4038 (de
863 3979 925 4040 quo
950 3956 1110 4039 disputaui
1133 3979 1165 4038 p.
1193 3957 1235 4018 64

63 4074 138 4137 huis
173 4072 351 4155 editionis);
388 4074 456 4136 abi
491 4074 605 4137 Afran.
643 4074 704 4138 137
741 4073 780 4151 Β,
814 4073 907 4136 mane
939 4073 1124 4156 imperatam

65 4189 179 4253 Αιιιιι.
221 4189 262 4252 95
303 4189 343 4268 Β,
384 4189 498 4252 manen
538 4187 623 4253 Non.
666 4190 707 4252 92
749 4188 795 4251 a:
841 4191 970 4272 praeter
1012 4187 1090 4250 haec

64 4305 174 4369 inueni
218 4305 420 4388 paucissima.
483 4304 562 4369 Atta
610 4305 650 4368 10
696 4304 727 4368 Β
772 4304 876 4388 apud
922 4324 1076 4377 mensam3
1121 4302 1136 4365 1
