2910 4778
586 307 655 353 cle.
675 282 745 354 vm.
1137 310 1237 383 caup(

59 482 163 546 biales
188 480 268 544 aliae
293 480 436 544 oratione
460 480 555 563 plane
572 480 683 554 soluta,
702 479 784 543 aliae
800 480 944 544 oratioue
960 503 1137 560 numerosa,
1155 482 1237 546 aliae

59 599 200 681 denique
225 596 390 660 conclusae
414 600 518 660 metro
547 597 694 679 quodam,
718 597 774 659 sed
798 618 904 680 saepe,
928 601 964 660 ut
987 596 1070 661 inter
1094 596 1237 662 homines

58 715 216 792 indoctos
252 735 325 776 nam
364 712 477 777 horum
511 712 545 776 in
579 712 777 777 sermonibus
818 713 957 778 maxime
989 714 1238 795 usurpabantur‚

58 830 192 894 horrido
216 832 310 912 atque
335 827 507 911 incompto.

169 944 374 1009 Metricorum
399 948 506 1009 autem
530 945 773 1026 prouerbiorum
792 945 911 1028 partim
926 949 1000 1009 suut
1015 945 1125 1009 metris
1142 966 1238 1029 grae·

59 1062 181 1125 caricis
217 1061 446 1137 usitatissimis3
494 1064 538 1140 ut,
575 1081 669 1143 quam
705 1082 874 1143 puerorum
911 1061 1009 1124 fuisse
1045 1061 1235 1125 cantilenam

58 1177 161 1241 tradit
196 1175 374 1260 Porphyrio
403 1178 443 1240 ad
468 1175 545 1240 Hor.
572 1198 621 1259 ep.
646 1175 662 1240 I
688 1177 716 1240 1.
743 1177 783 1240 62
810 1176 891 1240 'Rex
915 1177 976 1241 erit
999 1177 1054 1261 qui
1077 1179 1163 1240 re'cte
1187 1178 1237 1240 fa-

59 1294 135 1372 ciet,
160 1297 217 1375 qur'
238 1315 300 1356 non
325 1293 423 1355 faciet
446 1294 508 1355 uon
533 1293 621 1366 erit'3
647 1296 679 1357 et
702 1314 813 1356 uersus
836 1293 890 1356 ille
915 1315 1010 1376 quem
1029 1293 1149 1356 factum
1166 1315 1236 1357 esse

58 1410 94 1471 in
124 1409 276 1472 Etruscos
300 1407 486 1489 haruspices
511 1408 594 1470 male
626 1408 818 1471 consulentis
843 1411 876 1471 et
899 1413 1061 1473 cantatum
1087 1433 1106 1472 a
1129 1411 1239 1493 pueris

58 1528 129 1589 tota
153 1526 231 1588 urbe
256 1523 357 1586 tradit
388 1522 509 1586 Gellius
533 1521 591 1588 IV.
616 1525 646 1587 5.
673 1525 691 1586 5
717 1523 849 1587 'Malum
874 1525 1042 1588 consilium
1065 1525 1236 1589 consultori

58 1641 235 1724 pessimum
260 1642 335 1717 est'3
361 1644 393 1703 et
416 1638 494 1702 illud
520 1639 637 1703 ’Amici
661 1662 762 1703 mores
786 1630 923 1717 uetueris,
948 1663 1010 1705 non
1027 1641 1140 1704 oderis'
1159 1641 1237 1705 Por-

57 1756 176 1840 phyrio
200 1757 239 1819 ad
264 1755 341 1818 Hor.
367 1754 432 1820 Sat.
457 1753 472 1818 I
498 1759 526 1819 3.
553 1758 605 1834 29,
630 1755 828 1820 Ribbeckius
853 1756 964 1820 CRF²
988 1779 1020 1839 p.
1049 1759 1132 1836 3803
1161 1780 1236 1840 par-

58 1873 118 1936 tim
144 1875 218 1934 sunt
242 1894 279 1934 ea
302 1893 384 1954 quae.
409 1873 499 1936 utin
524 1872 669 1955 reliquiis
693 1873 796 1955 poesis
821 1873 1013 1936 domesticae
1038 1874 1165 1936 ederem
1186 1896 1236 1937 mc

58 1988 258 2072 impulerunt
282 2009 395 2051 causae
416 1989 616 2071 grauissime.
664 1989 719 2051 sed
735 1988 794 2050 hoc
811 1989 1030 2051 disserendum
1047 1989 1235 2052 accuratius.

168 2101 238 2166 Nec
263 2104 358 2167 debet
381 2104 520 2167 dubitari
545 2105 623 2188 quin
646 2127 685 2167 ea
709 2126 790 2187 quae
814 2105 873 2169 hoc
898 2105 931 2167 in
955 2105 1037 2169 libro
1061 2105 1145 2168 edidi
1162 2128 1236 2188 pro-

59 2220 174 2284 uerbia
197 2219 372 2302 composita
395 2221 460 2282 siut
483 2242 658 2283 numerose.
684 2221 807 2283 nullum
832 2224 880 2283 est
905 2222 989 2283 enim
1014 2243 1122 2285 eorum
1148 2222 1236 2284 cuius

58 2357 210 2399 numerus
245 2358 309 2398 nou
344 2336 541 2418 percipiatur
575 2336 670 2399 facile
706 2337 853 2410 auribus;
878 2359 936 2400 uec
959 2338 1064 2419 potuit
1087 2359 1236 2425 numerus

58 2452 115 2515 ille
151 2452 264 2535 fugere
299 2473 427 2515 sensum
454 2451 618 2515 homiuum
643 2452 850 2534 quiquidem
873 2453 1059 2535 incorrupta
1084 2475 1121 2516 ea
1144 2474 1236 2515 usur·

57 2571 184 2652 parent.
232 2568 359 2630 facilius
383 2568 478 2646 enim,
503 2568 529 2630 si
554 2569 607 2650 qui
632 2590 743 2631 uersus
767 2573 913 2632 currente
939 2569 1081 2633 oratione
1106 2569 1234 2648 excidit,

58 2685 129 2748 eius
154 2705 304 2747 numerus
328 2706 421 2747 aures
445 2683 543 2760 fallit;
569 2688 602 2746 at
624 2705 754 2748 necesse
775 2687 843 2747 erat
860 2684 981 2767 percipi
998 2706 1145 2747 numeros
1161 2706 1235 2767 pro·

56 2800 243 2864 uerbiorum
279 2799 434 2863 dictorum
469 2821 577 2882 presse
613 2800 838 2882 concinneque,
874 2822 955 2882 quae
987 2802 1019 2863 et
1042 2801 1236 2863 iterarentur

56 2915 187 2998 saepius
222 2919 254 2978 et
289 2916 397 2998 aliqua
430 2915 606 2979 intentione
643 2916 933 2999 pronuntiarentur.
981 2937 1039 2980 nec
1062 2939 1139 2980 uero
1163 2939 1235 2999 pos-

55 3034 134 3095 sunt
157 3032 281 3094 numeri
306 3053 487 3095 communes
509 3035 559 3095 tot
582 3032 823 3116 prouerbiorum
848 3053 915 3096 esse
940 3032 1074 3096 fortuiti.

170 3146 212 3209 Hi
236 3150 341 3210 autem
364 3148 488 3211 numeri
503 3149 649 3213 omnibus
666 3149 760 3211 rebus
777 3149 970 3212 conueniunt
987 3151 1081 3230 atque
1098 3169 1235 3232 congru·

53 3267 118 3327 unt
142 3285 214 3326 cum
237 3263 377 3328 sortibus
402 3268 434 3327 et
458 3264 600 3328 formulis
618 3264 835 3347 precationum
854 3241 1162 3347 dedicationumque‚
1181 3266 1235 3327 de-

54 3381 157 3463 nique
181 3400 253 3442 cum
276 3380 367 3462 poesi
391 3379 605 3444 Romanorum
633 3402 724 3443 sacra
749 3383 780 3442 et
805 3380 987 3443 domestica.
1035 3380 1124 3443 uelut
1147 3379 1234 3444 Sent.

55 3499 77 3562 3
112 3495 202 3574 Quod
231 3495 320 3558 leodic
343 3515 405 3557 lton
429 3503 472 3558 est
495 3496 566 3557 crus
590 3497 648 3558 erit
672 3498 704 3559 et
729 3496 747 3557 9
773 3495 872 3558 Porto
894 3497 1003 3558 itineri
1027 3496 1236 3579 lorrpl'ssiraust

54 3632 192 3674 numero
228 3615 302 3673 suut
338 3611 447 3674 eodem
479 3612 546 3674 fere
580 3633 642 3694 quo
666 3609 749 3675 Sort.
776 3613 803 3674 1.
832 3612 847 3674 1
873 3611 1007 3674 Moatra·
1031 3612 1125 3675 teletm
1148 3633 1236 3675 serora
1308 3621 1311 3628 '

55 3728 196 3791 edncutit
220 3730 252 3789 et
275 3725 356 3790 Sort.
375 3729 404 3789 3.
453 3727 467 3789 1
489 3726 660 3790 Perrudltis
671 3748 812 3810 prosum,
830 3708 899 3790 rubei
915 3728 1030 3811 profui
1049 3730 1081 3791 et
1105 3725 1186 3791 Sort.
1203 3728 1234 3791 4.

57 3844 73 3906 1
114 3841 208 3906 Iubeo
244 3843 311 3921 deti,
348 3844 392 3904 sei
426 3845 454 3905 si
487 3843 596 3923 fecerit
623 3847 655 3906 et
680 3842 845 3925 Comprec.
870 3845 900 3906 3.
927 3845 945 3906 2
971 3843 1068 3906 ludera
1092 3842 1236 3905 nebulam

54 3958 267 4042 lauretipiaem
303 3963 334 4020 et
370 3957 534 4041 Comprec.
573 3960 602 4021 5.
641 3961 655 4020 1
694 3957 812 4040 (darm.
837 3957 916 4040 Sal.)
941 3957 967 4022 0
991 3959 1075 4022 Zdul
1098 3959 1236 4020 udrrrtese

54 4075 165 4138 desertio
200 4076 232 4135 et
269 4071 432 4156 Comprec.
471 4076 521 4136 14.
560 4077 579 4137 3
616 4068 710 4136 Hauc
729 4075 844 4156 pe'steur
868 4074 950 4136 horre
970 4075 1179 4157 pestilentium
1204 4076 1236 4135 et

54 4189 140 4253 Ded.
166 4190 197 4252 3.
223 4190 241 4251 2
266 4209 353 4252 enom
376 4190 532 4269 due'uopu)
558 4190 668 4269 irrepat)
693 4189 762 4252 med
785 4190 877 4252 rattrud
900 4191 1002 4252 stettod
1025 4193 1057 4252 et
1082 4190 1110 4252 6.
1138 4190 1166 4252 1.

167 4302 254 4368 Sent.
293 4305 333 4368 19
369 4304 479 4368 Nescis
514 4307 590 4389 quid
612 4326 721 4388 uesper
743 4306 831 4368 selues
853 4305 946 4368 aerea
969 4309 1001 4368 et
1023 4304 1111 4369 Sent.
1137 4305 1188 4367 62.
1216 4306 1232 4368 l
