2910 4778
230 328 267 375 VI
721 325 766 371 DE
785 325 815 371 V.
835 324 902 371 SAT.

229 502 394 564 conatos
429 501 550 561 statuas
584 498 729 561 uersibus
763 500 910 562 constare
945 498 1028 563 binis
1063 498 1183 581 pariter
1207 501 1302 581 atque
1328 497 1403 561 illas

228 637 302 680 neu
331 619 401 679 rue
424 614 489 678 lue
512 613 689 678 Marmar
726 613 738 695 ΙΙ
777 613 873 679 siris
897 613 1110 677 incurrere
1133 613 1174 676 in
1196 612 1361 696 ple‘ores
1389 609 1401 698 ll

231 730 351 796 Satur
374 729 416 792 iri
439 728 700 793 fereMa‘oors
732 728 744 810 ΙΙ
775 728 1093 792 limeensalr'sta
1110 726 1266 793 Verber
1290 728 1301 810 11
1319 729 1405 792 rri-

230 851 344 930 umpe
368 847 426 909 tri
445 850 561 929 umpe
584 845 761 928 triumpe
778 844 981 927 lltrir'rmpe
1005 845 1182 927 triumpe
1206 845 1351 928 triaturpe.

337 1075 548 1152 Quamobrem
575 1077 658 1160 quod
681 1075 761 1139 haec
785 1076 855 1140 cola
878 1076 1008 1160 propria
1032 1077 1064 1139 ui
1089 1097 1125 1139 ac
1149 1080 1263 1139 natura
1287 1098 1402 1140 uersus

230 1196 315 1270 sunt,
340 1215 377 1256 ea
401 1214 495 1256 causa
520 1195 567 1256 est
591 1196 738 1256 curtum
762 1193 859 1255 etiam
882 1213 954 1255 cum
976 1192 1053 1255 bina
1076 1192 1186 1255 iuncta
1208 1213 1306 1255 unum
1331 1193 1402 1256 effi-

230 1307 318 1372 ciunt
359 1330 486 1371 uersum
521 1306 715 1385 Saturnium,
750 1309 897 1371 iunctura
932 1307 1154 1370 contineantur
1187 1307 1280 1370 ualde
1315 1308 1401 1373 laxa.

229 1446 302 1487 nam
330 1423 533 1487 hemistichia
556 1421 706 1488 Saturnia
729 1421 915 1506 plerumque
940 1423 1125 1486 diuiduntur
1149 1423 1283 1486 diaeresi
1308 1427 1403 1488 tant-a

228 1539 262 1602 in
285 1562 347 1623 qua
361 1540 456 1604 ¹locus
480 1540 522 1602 sit
545 1540 708 1624 legitimus
733 1542 765 1602 et
788 1537 889 1601 hiatui
914 1541 947 1601 et
969 1537 1111 1621 syllabae
1135 1538 1289 1621 ancipiti:

357 1677 471 1739 quam
495 1660 578 1719 cum
602 1656 744 1738 stupro
767 1656 903 1718 redire
1012 1654 1058 1717 ad
1081 1654 1172 1717 suos
1196 1655 1388 1736 poplaris

357 1775 400 1834 tu
423 1774 493 1854 qul
514 1771 621 1856 legis
644 1771 736 1834 nale
845 1774 989 1833 etcum
1012 1770 1126 1833 uoles
1149 1773 1296 1834 uenr‘to.

228 1885 284 1949 sed
319 1886 401 1949 enim
439 1907 610 1971 compages
641 1887 857 1950 membrorum
880 1886 1093 1950 saturniorunr
1115 1908 1177 1949 non
1200 1908 1327 1969 semper
1350 1893 1402 1951 est

229 2001 339 2065 eodem
362 2002 455 2066 modo
478 2001 595 2065 iuncta.
642 2002 745 2086 magis
769 2002 854 2065 enim
878 2001 1048 2065 constricta
1071 2006 1144 2065 sunt
1167 2002 1337 2080 interdum,
1362 2007 1401 2068 ut

229 2120 359 2180 careant
382 2117 533 2180 diaeresi:

230 2232 299 2295 ded.
326 2233 355 2297 1.
460 2232 1401 2317 doquede'dicoqueutisr‘esuole'nsproprltium

230 2348 313 2433 elog.
339 2350 369 2413 2.
396 2349 425 2412 1.
465 2347 685 2412 Cornelius
708 2348 858 2412 Lucius
882 2346 1023 2432 Scipio
1047 2347 1252 2413 Barbatus

267 2515 279 2543 ,‚
348 2515 360 2543 ,,
395 2466 425 2528 6.
464 2465 626 2549 subigit
649 2465 760 2528 omne
784 2463 1010 2528 Loucanam
1033 2465 1279 2548 opsidesque

524 2590 526 2593 ’
1079 2581 1311 2657 abdoucit1)

267 2746 280 2775 „
341 2696 370 2759 6.
395 2696 426 2760 4.
467 2695 644 2759 elssuist.
691 2694 1401 2762 oerfcmsacarearixsemunusva

228 2809 331 2874 Naeu.
356 2813 386 2875 2.
410 2812 440 2874 2.
465 2832 581 2875 sacra
605 2812 1016 2894 inmensa'penatium
1034 2811 1401 2894 ordineponr'rntur

337 2923 432 2990 Nunc
456 2926 557 3011 igitur
572 2926 763 3010 perspicitur
779 2926 854 3009 quid
871 2927 913 2989 sit
929 2948 1042 2990 causae
1059 2948 1115 2990 cur
1130 2925 1261 2990 Plautus
1277 2927 1310 2990 in
1326 2950 1401 2991 uer-

229 3042 316 3106 sibus
341 3043 531 3126 asynurtetis
555 3043 646 3107 modo
670 3043 806 3106 diaeresi
829 3045 947 3119 utatur,
972 3043 1063 3106 modo
1080 3065 1142 3106 uon
1159 3046 1278 3108 utatur.
1312 3044 1400 3108 scili·

230 3162 281 3221 cet
315 3161 440 3221 secutus
476 3161 524 3221 est
551 3158 585 3221 in
609 3180 703 3222 eure
727 3180 846 3222 morem
870 3158 1076 3222 domesticum
1101 3162 1197 3241 atque
1221 3159 1398 3243 antiquum.

229 3295 419 3357 quamquam
438 3274 497 3337 hoc
513 3274 647 3338 interest
662 3275 745 3358 quod
761 3274 793 3338 in
810 3273 960 3337 saturniis
977 3274 1169 3338 carminibus
1186 3274 1298 3352 rarius,
1313 3277 1399 3357 apud

150 3469 154 3479 1
231 3388 370 3453 scenicos
405 3389 532 3473 saepius
567 3390 636 3454 cola
670 3389 815 3453 inconexi
843 3389 970 3473 generis
993 3391 1097 3475 magis
1121 3390 1291 3454 constricta
1315 3378 1399 3454 sunt.

229 3525 344 3588 nempe
368 3526 431 3568 non
454 3503 535 3568 nihil
559 3505 661 3569 ualuit
684 3505 769 3588 apud
792 3505 932 3569 scenicos
955 3504 1092 3570 imitatio
1117 3527 1315 3590 graecorum.

335 3617 374 3683 In
409 3619 468 3685 hoc
502 3643 620 3705 genere
654 3642 805 3685 uersuum
838 3621 1065 3685 bimembrium
1088 3626 1121 3686 et
1144 3625 1399 3705 asynartetorum

228 3737 425 3800 numeranda
460 3740 508 3799 est
538 3737 582 3800 ¹ea
604 3736 708 3800 forma
730 3757 810 3820 quae
835 3739 959 3800 constat
982 3759 1021 3800 ex
1044 3737 1183 3820 tripodia
1205 3737 1344 3802 iambica
1368 3743 1401 3803 et

345 4022 367 4098 ¹)
391 4027 537 4086 Videlicet
572 4026 695 4086 diaeresi
729 4027 782 4086 hos
815 4046 921 4090 uersus
951 4046 1050 4086 carere
1075 4027 1149 4098 dico,
1174 4028 1254 4087 omni
1277 4046 1400 4088 caesura

229 4133 329 4174 carere
364 4135 423 4175 non
446 4116 521 4175 dico.
569 4119 643 4175 ”nec
665 4117 786 4176 uersui”
815 4151 850 4160 —
878 4117 958 4192 quod
980 4120 1060 4175 recte
1085 4117 1169 4175 docet
1192 4116 1401 4178 Lachmannus

230 4203 269 4263 ad
301 4203 422 4264 Lucret.
457 4204 502 4264 VI
538 4203 623 4263 1067
658 4225 688 4281 p.
725 4205 787 4264 413
825 4236 865 4244 -
896 4208 970 4265 ”sua
994 4206 1075 4264 deest
1098 4224 1229 4277 caesura,
1255 4213 1401 4282 quaeest

228 4289 307 4352 inter
329 4294 458 4369 syllabas
481 4293 765 4370 conliquescentes’'.
939 4292 942 4296 ’
1100 4304 1102 4308 “
