2910 4778
539 306 609 352 cae.
630 306 672 352 vr.
693 299 708 365 g
729 308 752 352 s.
1154 309 1235 356 cxxi

58 479 197 560 ἁνεψιόςς
223 500 324 543 senso.
348 482 469 562 nupti
492 501 521 542 n.
546 479 589 562 pl.
614 482 813 564 naptijas‚
839 480 949 562 dhis,
973 504 1039 546 acc.
1064 482 1234 566 dhijam.

58 595 188 677 cypriae
225 594 354 658 dialecti
377 595 462 658 idem
486 594 661 678 proprium,
686 600 721 659 ut
745 596 956 660 a.ri.si.ti.
963 598 1005 681 ja
1028 600 1049 660 i.
1074 619 1098 661 e.
1124 595 1232 679 Ἀρισ-

56 705 166 793 rija(o)
201 710 342 790 (Meister
375 711 413 774 de
444 731 492 793 pr.
528 712 548 773 t.
580 711 657 775 diat.
681 711 724 775 ll
745 713 831 775 1889
848 734 882 796 p.
910 709 1234 794 177)=’Aprortoo;

57 825 222 909 pamphyl.
247 825 319 898 διιὰ,
345 821 487 907 adprimus
510 822 536 890 I.
561 825 635 889 dial.
660 825 713 890 Gr.
741 827 842 904 1267;
868 827 968 912 argol.
995 822 1094 898 ἅλιῑος
1116 826 1142 893 Ι.
1160 830 1234 894 dial.

57 941 113 1006 Gr.
150 943 247 1016 3261,
284 964 314 1004 u.
351 941 511 1005 Prellwitz
540 942 580 1004 ad
611 963 680 1005 eurn
706 942 738 1005 l..
785 943 870 1006 idem
893 945 1088 1026 usurparunt
1110 948 1235 1008 ueteres

58 1057 189 1129 Persae,
224 1060 261 1120 ut
296 1057 596 1141 Artavardhija
630 1056 843 1142 Armanija
866 1055 1119 1143 Kafiibripiija
1142 1059 1235 1125 Cam·

56 1174 153 1255 byses
181 1172 334 1256 (Speapet,
358 1173 408 1236 die
431 1174 556 1257 olmera.
582 1173 775 1238 Keil-insobr.
800 1194 823 1237 s.
849 1175 906 1250 a).

166 1287 360 1354 Bitschelius
384 1293 491 1352 autem
515 1289 583 1372 ipse
607 1290 796 1353 uarietatem
821 1290 946 1353 confert
969 1290 1130 1354 nominum
1155 1312 1234 1376 gen-

54 1405 164 1468 tilium
188 1405 221 1468 in
246 1405 354 1468 -eios
378 1405 485 1468 ·aios
510 1405 590 1468 ·ios
615 1405 809 1469 exeuntium.
856 1406 996 1469 medium
1020 1409 1127 1470 autem
1150 1407 1236 1471 inter
1284 1388 1287 1394 ’

55 1521 168 1585 -eios
204 1520 342 1603 (aios)
378 1523 410 1584 et
444 1521 530 1584 -ios
566 1542 635 1584 esse
670 1521 774 1584 *dos
799 1522 885 1585 dicit.
932 1525 965 1585 at
989 1526 1125 1605 apparet
1149 1523 1236 1587 aliud

56 1637 170 1700 -aios
204 1637 361 1720 positione
397 1659 476 1715 esse,
512 1636 599 1700 aliud
634 1637 748 1701 -eios
802 1638 912 1721 quidni
946 1638 1024 1701 item
1059 1639 1169 1702 -eios
1205 1644 1237 1702 et

31 1773 35 1779 ’
55 1755 144 1816 -ios
169 1756 315 1835 putemus
339 1753 494 1835 positione
519 1774 587 1816 esse
612 1755 782 1836 separata?
822 1757 876 1817 aut
892 1754 918 1817 si
935 1754 1064 1818 nomina
1080 1754 1112 1817 in
1129 1754 1236 1819 -eios

55 1872 91 1932 et
116 1869 215 1946 -ios‚
240 1872 275 1932 ut
299 1868 492 1933 Cocceius
517 1873 549 1932 et
573 1867 716 1933 Cocius
741 1866 810 1934 CIL
834 1868 864 1932 X
889 1869 952 1935 370
970 1866 1235 1935 CocciodlLI

57 1984 137 2057 795,
164 1985 272 2047 eadem
296 1984 468 2067 principali
491 1985 615 2069 origine
638 1990 715 2048 nata
738 1989 770 2049 et
793 1986 983 2049 discretione
999 1986 1121 2050 duobus
1136 1986 1237 2050 modis

56 2101 201 2183 figurata
236 2104 319 2175 sunt,
357 2122 394 2163 ea
418 2100 566 2164 diseretio
590 2123 653 2165 non
677 2101 710 2163 in
734 2123 797 2164 uno
821 2101 947 2185 populo,
972 2102 1027 2165 sed
1050 2123 1108 2185 per
1132 2101 1237 2165 diuer-

54 2218 189 2279 sitatem
223 2216 413 2299 populorum
446 2216 649 2300 locorumque
684 2216 770 2280 facta
806 2221 863 2281 est.
910 2239 985 2280 nam
1019 2217 1046 2280 si
1071 2240 1108 2282 ea
1132 2219 1236 2280 omnia

56 2332 205 2414 profecta
241 2335 346 2394 essent
377 2332 410 2394 in
435 2333 543 2396 eodem
567 2333 685 2416 populo
709 2335 749 2397 ab
773 2355 836 2397 una
859 2333 983 2418 origine
1008 2334 1141 2418 figurae,
1166 2333 1236 2397 fieri

59 2469 127 2510 non
162 2447 318 2530 potuisset
353 2448 428 2530 quin
466 2449 573 2511 omnia
607 2448 702 2530 parili
725 2449 902 2512 mutatione
927 2449 1030 2532 primo
1055 2449 1088 2512 in
1112 2449 1235 2527 -ei0s‚

59 2568 135 2646 post
169 2563 203 2626 in
239 2562 360 2641 *-ῑοε,
396 2567 556 2647 postremo
591 2564 624 2626 in
659 2563 744 2628 -ios
779 2565 913 2629 exirent.
959 2587 1033 2628 nam
1057 2565 1236 2648 quicunque

57 2678 244 2763 cognitione
279 2678 432 2744 historica
466 2680 650 2764 linguarum
685 2680 887 2744 mediocriter
921 2681 1062 2745 imbutus
1087 2684 1135 2744 est
1158 2679 1237 2744 mibi

57 2796 216 2859 concedet
252 2795 341 2880 leges
376 2796 573 2879 phoneticas‚
607 2797 668 2859 nisi
693 2800 780 2859 certa
803 2796 885 2860 ratio
910 2797 1024 2874 obstet,
1048 2797 1237 2861 necessitate

55 2911 201 2994 quadam
235 2912 268 2974 in
305 2912 450 2974 omnibus
486 2934 567 2994 quae
603 2913 695 2976 unius
730 2913 794 2976 sint
829 2913 955 2997 generis
982 2911 1099 2975 ualere.
1147 2912 1236 2995 atqui

57 3027 136 3090 inde
172 3050 191 3089 a
224 3028 336 3110 primis
371 3029 568 3111 temporibus
597 3028 703 3091 omnia
727 3029 868 3092 carmina
892 3027 1071 3111 antiquiora
1094 3027 1128 3090 in
1151 3027 1236 3091 -ios

56 3138 182 3206 habent
217 3143 363 3206 exeuntia
399 3145 509 3206 eadem
544 3143 673 3207 nomina
708 3145 842 3228 gentilia
876 3166 958 3227 quae
990 3147 1061 3226 post
1084 3142 1117 3205 in
1141 3142 1235 3207 -ios

56 3259 125 3322 nisi
153 3258 202 3322 cui
228 3281 349 3322 errasse
373 3259 500 3322 uidetur
523 3258 560 3322 Τ.
584 3258 695 3322 Liuius
719 3258 801 3342 quod
824 3259 1012 3323 Mettium
1035 3257 1147 3323 scribit
1161 3257 1238 3322 Fu-

56 3374 224 3448 fetium,
260 3396 330 3437 cum
366 3375 490 3438 Ennius
514 3376 547 3436 in
570 3376 674 3457 primo
698 3373 819 3437 Annali
844 3397 895 3457 ap.
919 3373 1053 3448 Quintil.
1078 3372 1103 3439 I.
1129 3376 1159 3438 5.
1185 3376 1236 3438 12.

55 3488 231 3554 Metteio
265 3489 478 3568 Fufeteio‚
506 3493 533 3552 si
558 3490 756 3553 coniecturae
781 3488 932 3554 Schoellii
956 3491 1123 3568 credimus,
1148 3489 1237 3553 dixe·

54 3605 112 3669 rit.
160 3626 218 3668 nec
253 3608 361 3668 tamen
397 3604 569 3688 quidquam
606 3627 645 3668 ex
673 3627 711 3667 ea
734 3605 958 3687 discrepantia,
983 3605 1010 3668 si
1033 3606 1095 3669 fuit
1119 3605 1236 3687 aliqua,

54 3721 145 3786 Liuii
170 3723 203 3784 et
226 3721 323 3784 Ennii
348 3721 492 3798 efficitur,
517 3722 579 3784 nisi
603 3721 685 3785 forto
709 3720 780 3799 hoc,
795 3724 839 3784 ut
862 3722 899 3784 fit
915 3721 949 3784 in
965 3721 1092 3800 fabulis
1111 3724 1237 3784 exstare

55 3837 250 3902 uarietatem
287 3838 423 3900 nominis
458 3837 544 3900 fama
578 3837 699 3901 traditi.
747 3839 779 3900 et
813 3837 846 3899 in
882 3836 984 3900 titulis
1009 3837 1237 3920 antiquissimis

54 3953 160 4018 multo
182 3953 275 4036 plura
299 3953 427 4016 nomina
451 3952 585 4037 gentilia
609 3953 642 4016 in
666 3954 748 4016 ·ios
773 3953 886 4016 cadere
910 3953 1116 4015 inueniuntur
1139 3974 1234 4034 quarn

54 4070 91 4133 in
127 4069 250 4132 -ei0s.
286 4071 381 4151 atque
418 4070 539 4146 eadem,
572 4091 652 4151 quae
684 4068 767 4151 apud
791 4071 947 4150 posteros,
972 4067 1111 4130 uarietas
1135 4068 1239 4130 elucet

55 4185 213 4249 sermonis
237 4185 376 4267 plurium
401 4185 501 4262 -ios‚
526 4185 712 4267 pauciorum
736 4185 845 4247 -eios
869 4183 1126 4246 terminationem
1144 4204 1237 4245 usur-

56 4301 178 4384 pantis.
224 4299 360 4364 fortasse
392 4301 454 4363 fuit
478 4323 515 4362 ea
539 4300 678 4363 uarietas
704 4299 881 4363 dialectica.
930 4302 974 4377 ut,
999 4297 1084 4380 quod
1109 4297 1238 4361 demon-

42 4455 55 4489 l
