2910 4778
588 314 658 360 oAP.
677 315 721 360 XI.
1113 315 1241 362 CCXXIII

65 485 106 548 do
140 485 234 549 Liuio
258 489 288 548 et
311 485 453 569 Polybio,
477 486 727 570 disputationem
751 487 923 552 Ribbeckii
946 487 979 551 in
1003 487 1134 551 annales
1157 487 1236 571 phil.

66 623 95 664 a.
133 601 217 665 1858
253 601 397 679 relatam,
432 601 530 666 libros
565 603 603 666 dc
638 601 788 667 Saturnio
824 601 943 667 Haveti
973 603 1096 666 Kelleri
1118 602 1238 668 Remo-

64 717 129 780 rini
163 716 375 801 Originesque
411 717 621 782 Buchholtzii.
669 722 701 783 et
733 741 772 782 ne
795 719 977 783 testimonia
1001 719 1130 802 quidem
1154 720 1238 782 anti-

65 855 199 917 quorum
234 834 272 897 de
308 833 502 897 carminibus
537 835 677 918 antiquis
701 838 733 898 et
757 835 939 899 domesticis
963 836 1128 917 exscripsi,
1153 835 1239 919 quod

64 971 126 1015 non
161 950 347 1013 memoriam
383 950 487 1032 poesis
521 951 711 1015 domesticae
742 973 945 1015 romanorum
976 951 1156 1034 complecti,
1180 953 1237 1016 sed

64 1087 176 1130 uersus
212 1067 297 1149 ipsos
320 1067 486 1130 ostendere
511 1067 747 1130 constitueram.
795 1068 879 1150 quod
903 1071 1010 1131 autem
1035 1089 1163 1131 carmen
1186 1068 1238 1131 lu-

62 1182 236 1260 strationis,
271 1182 414 1264 profecto
451 1187 483 1245 et
512 1182 673 1246 horridum
699 1187 729 1246 et
753 1186 937 1266 corruptum
960 1205 1015 1266 pp.
1040 1184 1170 1248 36—38
1196 1185 1234 1247 ad

62 1319 212 1361 numeros
236 1319 307 1361 suos
331 1298 499 1361 restituere
524 1301 656 1362 conatus
680 1320 759 1377 sum,
784 1304 893 1382 aperte
915 1299 1116 1382 ingenueque
1133 1299 1239 1363 fateor

44 1418 112 1477 'me
137 1414 177 1476 ad
202 1435 270 1476 rem
292 1417 359 1476 tam
382 1413 538 1478 lubricam
561 1415 762 1478 tractandam
786 1437 849 1478 uon
871 1436 1097 1498 aggressurum
1125 1414 1236 1494 fuisse,

60 1530 123 1592 nisi
147 1528 319 1612 Westphal
343 1528 507 1593 Gleditsclr
532 1529 628 1594 Peter
650 1530 762 1594 Keller
777 1529 968 1594 Ramorinus
984 1531 1019 1594 id
1033 1531 1233 1614 potissimum

60 1667 191 1709 carmen
225 1645 433 1729 sumpsissent
468 1645 649 1730 exemplum
680 1666 742 1730 quo
767 1647 929 1710 efficerent
952 1669 1012 1710 non
1038 1647 1233 1730 quautItates

59 1761 267 1845 syllabarum,
292 1763 347 1825 sed
371 1766 520 1825 accentus
544 1763 714 1826 uerborum
737 1763 769 1825 in
795 1763 1022 1846 antiquissimis
1040 1763 1233 1828 carminibus

58 1876 276 1942 Romanorum
311 1878 487 1941 dominatos
523 1900 602 1943 esse.
648 1879 761 1961 quodsi
796 1883 943 1962 suscepta
967 1879 1046 1942 mihi
1070 1880 1138 1942 eius
1162 1902 1233 1943 car-

56 1993 155 2058 minis
177 1996 315 2057 tractato
337 2015 387 2057 me
411 1993 444 2057 in
468 1995 681 2077 suspicionem
696 1995 861 2058 uocauerit
876 1998 1040 2078 tamquam
1056 2018 1139 2058 uana
1157 2018 1234 2078 cap·

56 2110 156 2173 tando
190 2109 307 2187 ludam,
343 2109 375 2172 id
411 2132 511 2193 aequo
546 2110 648 2174 feram
683 2111 799 2190 animo,
837 2112 912 2174 dum
935 2114 1059 2174 tuntum
1084 2112 1232 2194 equidem

56 2228 248 2288 consecutus
272 2225 331 2287 sim
354 2227 390 2288 ut
414 2229 568 2309 appareat
596 2248 687 2308 posse
711 2227 771 2290 hoc
796 2249 924 2290 carmen
947 2227 1089 2290 reuocari
1114 2227 1153 2289 ad
1178 2249 1234 2290 eus

55 2362 207 2404 numeros
242 2341 296 2423 qui
331 2342 477 2423 quamuis
502 2341 566 2404 sint
589 2343 750 2424 incorupti
774 2346 869 2425 atque
893 2342 977 2405 inter
1000 2342 1176 2406 orationem
1201 2346 1233 2405 et

55 2477 185 2520 uersum
222 2457 311 2540 quasi
341 2457 449 2534 medii,
473 2463 581 2520 tamen
604 2480 753 2521 mensura
777 2459 914 2541 quadam
938 2458 1133 2541 syllabarum
1157 2479 1234 2521 oon-

54 2571 231 2635 tineantur.
277 2595 352 2635 nam
383 2576 415 2635 et
439 2572 520 2637 hanc
545 2577 577 2636 et
599 2574 716 2637 multas
741 2574 1232 2656 precationes‘deorum‘priscis

54 2686 212 2751 Romanis
247 2689 392 2752 solennes
428 2711 559 2753 numero
595 2689 649 2772 qui
685 2690 724 2752 ad
760 2711 887 2753 uersum
916 2689 1046 2772 propius
1070 2712 1166 2772 quam
1190 2691 1230 2752 ad

53 2803 233 2868 orationem
268 2803 404 2868 solutam
441 2806 607 2869 accederet
642 2810 811 2887 conceptas
835 2828 902 2868 esse
928 2806 980 2868 uel
1003 2806 1108 2888 potius
1132 2805 1233 2868 fuisse

54 2919 206 2983 arbitror.

164 3264 243 3330 Cum
278 3264 467 3330 Baehrensii
501 3267 583 3331 liber
611 3267 874 3350 qui'inscribitur
898 3267 1093 3353 Fragmenta
1117 3273 1231 3352 poeta-

51 3403 127 3445 rum
150 3381 333 3460 latinorum,
358 3383 412 3467 qui
428 3383 557 3466 Lipsiae
575 3384 659 3465 apud
674 3382 877 3447 Teubnerum
894 3385 1013 3466 prodiit
1029 3407 1111 3447 anno
1131 3386 1228 3463 1886,

50 3496 135 3561 mihi
159 3497 193 3560 in
215 3521 328 3561 manus
351 3499 500 3575 uenisset,
526 3520 597 3562 cum
620 3521 732 3562 uersus
756 3498 921 3563 Saturnios
946 3500 1058 3582 quiin
1082 3523 1119 3565 eo
1135 3501 1226 3564 uolu-

50 3613 140 3677 mine
175 3613 284 3677 insunt
318 3615 469 3692 uiderem,
506 3618 541 3677 ut
575 3615 613 3677 iis
645 3637 726 3698 quae¹
751 3615 851 3678 multa
875 3614 1038 3679 Baehrens
1062 3616 1227 3700 ingeniose

51 3729 223 3792 inuenerat
247 3729 430 3808 delectatus
460 3729 505 3792 ita
528 3752 588 3824 non
614 3730 682 3793 sine
706 3731 813 3814 aliqua
837 3731 984 3794 molestia
1008 3735 1102 3814 atque
1127 3732 1228 3794 offen-

51 3843 142 3909 sione
177 3844 275 3908 animi
298 3843 504 3908 uehementer
527 3845 660 3907 miratus
684 3866 753 3907 sum
777 3867 932 3908 summam
957 3849 989 3908 et
1011 3846 1226 3928 frequentiam

50 3957 201 4023 hiatuum
236 3960 481 4043 asperrimorum
517 3964 549 4022 et
584 3960 747 4022 licentiam
782 3960 977 4044 syllabarum
1012 3962 1157 4024 breuium
1192 3961 1225 4023 iu

52 4075 164 4140 ''arsi''
199 4075 433 4158 productarum,
480 4097 561 4159 quae
596 4079 721 4138 tantum
757 4077 848 4138 abest
871 4079 906 4139 ut
929 4076 993 4138 sint
1016 4098 1088 4138 rara
1112 4076 1165 4139 uix
1190 4080 1228 4139 ut

51 4190 221 4255 dimidium
244 4191 389 4254 inuenies
412 4213 578 4254 numerum
603 4213 751 4254 uersuum
775 4191 829 4273 qui
853 4214 917 4255 non
939 4190 991 4254 uel
1007 4213 1118 4274 aspere
1134 4191 1227 4255 hient

51 4284 113 4371 uel·
142 4306 336 4389 quantitates
371 4306 680 4390 syllabarum.f0ede
704 4307 903 4390 perturbent.
950 4310 982 4369 et
1004 4307 1107 4390 primo
1130 4312 1224 4391 puta-
