2910 4778
671 340 784 388 Enosis

574 495 648 568 ΟΠ.
674 494 729 566 IX
758 494 873 566 2045.

522 631 530 651 Ι

514 656 651 728 Infelix
679 655 809 746 fatum,
838 653 944 747 prior

569 779 681 852 ddbur'
709 781 807 851 mori
836 779 968 873 matter.

428 988 577 1086 Elogiun
605 987 638 1067 C.
666 987 794 1067 Annaei
821 986 1023 1085 paelignum.

491 1154 563 1227 Pes
590 1178 680 1248 pros
709 1145 793 1227 ecui
819 1153 986 1241 incubat,

542 1280 676 1351 cdsnar·
704 1279 784 1351 diso
812 1279 952 1359 aetdte,

650 1403 690 1475 C·
712 1402 883 1490 ANAES,

493 1527 607 1600 sdlois
636 1528 701 1601 ‹le's
728 1527 830 1600 forte
858 1526 975 1599 faber.

249 1761 307 1828 25.
354 1769 528 1826 Beneuenti.
575 1771 612 1826 ab
636 1770 755 1828 sinistra
779 1769 888 1846 effigies
911 1769 1006 1844 pueri,
1032 1769 1070 1827 ab
1089 1770 1201 1828 dextra
1218 1769 1311 1846 effigies

144 1856 257 1914 matris.
298 1892 331 1899 -
372 1874 401 1915 u.
437 1856 468 1915 2.
504 1853 603 1916 mori
638 1859 754 1917 iambus
785 1878 839 1934 pro
861 1858 1042 1934 pyrrhichio,
1071 1859 1116 1917 sic
1140 1859 1171 1917 in
1195 1859 1312 1917 sortibus

143 1939 252 2008 uehi.
277 1941 407 2021 sequi,
432 1947 512 2023 apud
536 1947 661 2006 comicos
685 1942 773 2005 dari
797 1947 897 2005 Plaut.
918 1947 996 2005 Rud.
1014 1947 1078 2006 960
1098 1948 1168 2007 Ter.
1185 1948 1243 2007 Ad.
1260 1946 1308 2005 311

144 2033 264 2091 Phorm.
291 2037 364 2105 261,
388 2032 473 2111 pati
497 2037 566 2094 Aul.
595 2036 667 2104 726,
691 2031 807 2111 loqui
830 2037 938 2095 Bacch.
966 2034 1051 2094 1104
1075 2037 1196 2096 Bitschl
1212 2039 1311 2113 proleg.

146 2139 227 2197 run.
263 2139 426 2201 cnxvnr.
478 2119 607 2209 rirvr
641 2147 672 2200 er
705 2143 782 2201 mu
816 2144 846 2201 n
880 2143 988 2218 raptae.
1036 2163 1091 2202 neo
1128 2149 1232 2203 tamen
1260 2145 1314 2202 raa

145 2228 343 2287 dubitandum
374 2236 418 2290 est
441 2233 513 2307 quin
537 2227 639 2290 mori
662 2236 691 2291 h.
715 2234 736 2290 l.
760 2233 897 2291 ultimam
921 2233 1069 2308 corripere
1094 2235 1242 2309 potuerit.
1284 2232 1313 2290 ci.

145 2336 246 2394 adnot.
282 2338 319 2394 ad
352 2340 418 2399 ded.
443 2339 508 2398 4.1
536 2346 566 2400 et
589 2313 698 2400 darei
720 2341 819 2399 Plaut.
844 2341 934 2398 Merc.
961 2339 1023 2397 728
1038 2333 1081 2414 A,
1100 2313 1222 2398 nouevi
1232 2340 1313 2398 Naen.

144 2429 241 2499 praet.
267 2426 284 2483 8
309 2422 340 2484 R
355 2423 377 2487 2.

252 2509 310 2576 26.
358 2518 487 2577 Corfinii.
534 2519 617 2578 Zvet.
653 2520 677 2577 1.
708 2520 732 2577 I.
756 2519 798 2577 M.
822 2520 884 2577 tab.
908 2517 965 2577 III.
992 2519 1022 2576 2.
1047 2519 1096 2577 ed.
1122 2538 1151 2576 n.
1181 2519 1244 2588 12..
1267 2535 1315 2593 quo

145 2603 211 2661 loco
245 2605 295 2663 olii
330 2609 456 2666 editores
491 2612 713 2666 enumerantur.
761 2607 844 2666 Zret.
872 2608 896 2666 I.
922 2608 946 2665 Ι.
971 2607 995 2666 I.
1022 2607 1074 2665 14.
1125 2609 1218 2666 Pauli
1242 2607 1314 2666 Stud.

145 2691 173 2747 V
197 2693 238 2749 46
274 2713 338 2770 sqq.
385 2697 534 2755 saturnios
558 2698 701 2773 quosdam
726 2697 874 2772 discripsit
898 2696 1099 2755 Buechelerus
1117 2718 1158 2756 m.
1176 2691 1315 2755 rh.'1880

145 2800 175 2856 p.
212 2782 275 2841 496
311 2790 385 2843 extr.
431 2787 525 2845 uerba
560 2786 750 2861 inscriptione
785 2786 826 2844 sic
854 2787 990 2844 ordinata
1014 2790 1105 2844 sunt:
1132 2787 1208 2845 PES
1232 2783 1314 2844 PROS

149 2867 252 2928 EOVF
287 2874 461 2933 INOVBIT
499 2867 502 2943 t
535 2874 692 2934 CASNAR
717 2873 808 2934 OISA
831 2874 990 2932 AETATE
1017 2864 1020 2952 ξ
1047 2874 1086 2933 O·
1109 2875 1248 2934 Annus
1271 2871 1314 2932 80-

146 2957 235 3018 LOIS
269 2964 344 3021 DES
378 2963 508 3022 FORTE
546 2957 548 3023 i
587 2965 729 3031 Fnssfflt,
755 2965 802 3022 cui
826 2969 957 3021 extremo
980 2964 1075 3022 uerbo
1100 2966 1187 3024 locus
1212 2965 1240 3022 in
1264 2981 1315 3040 pro·

147 3047 226 3106 ximo
261 3073 351 3112 uersu
386 3054 491 3112 detuit.
537 3054 683 3112 sententia
718 3054 839 3110 uidetur
874 3073 935 3111 esse
970 3053 1058 3110 haec:
1097 3053 1172 3123 Qui
1203 3046 1318 3129 (Pauli)

149 3139 218 3194 ante
259 3135 355 3201 [tuos
389 3144 519 3218 oculos]
560 3143 620 3201 hic
648 3143 825 3210 incubat,
857 3135 910 3199 Ais
934 3142 1021 3216 fuity
1051 3161 1171 3200 senex
1197 3144 1318 3202 sancta

147 3224 232 3286 uita
273 3230 439 3302 (=aetate
478 3226 669 3307 Buecheler),
709 3229 740 3288 C.
781 3231 979 3299 Annam,
1020 3232 1204 3290 omnibus
1245 3224 1318 3288 [re-

148 3311 245 3393 bus7
287 3321 398 3379 diues
433 3314 646 3396 (Buecheler),
682 3320 800 3378 fortis
834 3313 973 3394 (Parui),
1009 3320 1158 3379 sollers
1189 3313 1316 3396 (Parui).

147 3420 237 3475 pros
251 3431 292 3455 =
305 3415 383 3479 ante,
409 3410 620 3481 exaduersum3
645 3411 697 3467 lat.
722 3427 805 3483 pro:
830 3409 907 3483 pael.
931 3427 1039 3483 pro-s
1053 3431 1096 3454 =
1113 3399 1194 3490 ἀμφὶ
1209 3432 1216 3468 :
1230 3400 1320 3487 ἀμφί-ε

150 3490 1117 3575 ,τμέχριεμέχρι·ε;·εὶ)ε3ὴ-εεοὺτοϋε--θοιοκ
1158 3533 1195 3542 —
1235 3499 1317 3561 oisc,

150 3608 210 3648 non
244 3606 350 3656 cesa,
386 3590 416 3644 et
446 3606 550 3646 rursus
574 3591 702 3645 aetate
726 3587 828 3644 eadem
851 3586 1017 3661 scripturae
1040 3587 1249 3646 inconstantia
1270 3603 1319 3660 qna

151 3679 181 3735 in
215 3677 361 3734 sententia
394 3677 593 3735 Minuciorum
628 3697 659 3734 u.
696 3678 713 3733 5
750 3675 894 3750 scriptum
928 3679 973 3733 est
1008 3674 1189 3735 Caecilio
1224 3698 1254 3735 u.
1287 3672 1318 3731 28

151 3765 330 3825 Caicilio
384 3765 464 3822 cisa
509 3766 616 3841 adject.
651 3765 710 3822 abl.
747 3783 790 3840 sg.
827 3783 930 3823 censeo
964 3768 1129 3840 cognatum
1168 3785 1232 3825 esse
1258 3782 1321 3822 mar·

151 3855 255 3913 rucino
302 3855 423 3920 aisns¹
470 3873 530 3929 quo
574 3854 722 3912 uocabulo
768 3854 797 3911 di
835 3854 1027 3911 nominantur
1066 3855 1157 3929 quasi
1198 3851 1320 3914 sancti.

151 3943 263 4002 uocalis
298 3942 398 4017 stirpis
433 3943 475 4000 ita
509 3943 647 4001 uariatur
681 3945 717 4000 ut
751 3961 810 4000 osc.
846 3943 989 4000 baiteis
1017 3943 1072 4001 lat.
1102 3943 1263 4002 baetere
1283 3960 1322 4017 gr.

152 4029 264 4111 φοιτάω
295 4065 330 4073 -
357 4026 474 4089 3ῡέὺο
497 4027 626 4090 sodbis
655 4066 688 4074 —-
721 4031 843 4089 anilla
867 4032 952 4089 onis
975 4031 1136 4090 ouillus.
1166 4064 1208 4072 *
1232 4034 1322 4090 forto

152 4122 232 4195 quod
267 4140 283 4177 a
319 4119 424 4178 Paulio
458 4120 567 4178 dicitur
612 4120 777 4196 significare
813 4120 961 4189 ’fortis'‚
998 4119 1035 4177 ad
1063 4139 1131 4178 earn
1157 4121 1323 4198 interpreta-

152 4209 263 4266 tionem
298 4207 530 4267 confirmandam
564 4209 698 4284 exempla
734 4210 827 4266 latina
863 4207 962 4267 afferri
985 4213 1123 4284 possunt.
1175 4210 1240 4270 011.
1261 4206 1324 4268 XIV

153 4297 238 4355 3826
279 4297 362 4355 ”acri
399 4298 510 4356 homini
548 4302 640 4373 atque
678 4298 769 4356 alacri
808 4299 906 4356 forti
946 4298 1006 4356 fido
1041 4301 1137 4374 atque
1173 4300 1325 4362 uenustus
