<?xml version="1.0" encoding="UTF-8"?>
<!DOCTYPE html PUBLIC "-//W3C//DTD XHTML 1.0 Transitional//EN"
    "http://www.w3.org/TR/xhtml1/DTD/xhtml1-transitional.dtd">
<html xmlns="http://www.w3.org/1999/xhtml" xml:lang="en" lang="en">
 <head>
  <title>
</title>
<meta http-equiv="Content-Type" content="text/html;charset=utf-8" />
  <meta name='ocr-system' content='tesseract 3.04.00' />
  <meta name='ocr-capabilities' content='ocr_page ocr_carea ocr_par ocr_line ocrx_word'/>
</head>
<body>
  <div class='ocr_page' id='page_1' title='image "./versvsitalician00zandgoog_0293.png"; bbox 0 0 2910 4778; ppageno 0'>
   <div class='ocr_carea' id='block_1_1' title="bbox 680 325 961 375">
    <p class='ocr_par' dir='ltr' id='par_1_1' title="bbox 680 325 961 375">
     <span class='ocr_line' id='line_1_1' title="bbox 680 325 961 375; baseline -0.011 0"><span class='ocrx_word' id='word_1_1' title='bbox 680 328 707 375; x_wconf 86' lang='lat' dir='ltr'>C.</span> <span class='ocrx_word' id='word_1_2' title='bbox 736 325 961 375; x_wconf 76' lang='lat' dir='ltr'><strong>DEDICATIONIS.</strong></span> 
     </span>
    </p>
   </div>
   <div class='ocr_carea' id='block_1_2' title="bbox 261 651 1406 862">
    <p class='ocr_par' dir='ltr' id='par_1_2' title="bbox 261 651 1406 862">
     <span class='ocr_line' id='line_1_2' title="bbox 261 651 1406 752; baseline -0.008 -19"><span class='ocrx_word' id='word_1_3' title='bbox 261 668 285 725; x_wconf 76' lang='grc'>3.</span> <span class='ocrx_word' id='word_1_4' title='bbox 351 653 481 734; x_wconf 86' lang='lat' dir='ltr'>Titulus</span> <span class='ocrx_word' id='word_1_5' title='bbox 522 653 578 752; x_wconf 90' lang='lat' dir='ltr'>qui</span> <span class='ocrx_word' id='word_1_6' title='bbox 619 652 742 732; x_wconf 87' lang='lat' dir='ltr'>dicitur</span> <span class='ocrx_word' id='word_1_7' title='bbox 782 651 896 731; x_wconf 87' lang='lat' dir='ltr'>Dueni.</span> <span class='ocrx_word' id='word_1_8' title='bbox 950 680 1039 728; x_wconf 76' lang='lat' dir='ltr'>saec.</span> <span class='ocrx_word' id='word_1_9' title='bbox 1084 654 1153 727; x_wconf 84' lang='lat' dir='ltr'>IV</span> <span class='ocrx_word' id='word_1_10' title='bbox 1190 679 1246 728; x_wconf 77' lang='lat' dir='ltr'>ea.</span> <span class='ocrx_word' id='word_1_11' title='bbox 1289 662 1346 726; x_wconf 67' lang='lat' dir='ltr'>ozel</span> <span class='ocrx_word' id='word_1_12' title='bbox 1378 653 1406 724; x_wconf 79' lang='lat' dir='ltr'><em>V</em></span> 
     </span>
     <span class='ocr_line' id='line_1_3' title="bbox 772 792 1011 862; baseline 0 -1"><span class='ocrx_word' id='word_1_13' title='bbox 772 793 921 862; x_wconf 79' lang='lat' dir='ltr'>ineunte.</span> <span class='ocrx_word' id='word_1_14' title='bbox 1007 792 1011 800; x_wconf 83' lang='grc'><strong>’</strong></span> 
     </span>
    </p>
   </div>
   <div class='ocr_carea' id='block_1_3' title="bbox 255 995 1393 1182">
    <p class='ocr_par' dir='ltr' id='par_1_3' title="bbox 255 995 1393 1182">
     <span class='ocr_line' id='line_1_4' title="bbox 255 995 1393 1075; baseline -0.003 -11"><span class='ocrx_word' id='word_1_15' title='bbox 255 995 1393 1075; x_wconf 77' lang='lat' dir='ltr'>IOVEISATDEIVOSQOIMEDMITATNEITEDENDOCOSMIS-</span> 
     </span>
     <span class='ocr_line' id='line_1_5' title="bbox 269 1110 1374 1182; baseline -0.005 -1"><span class='ocrx_word' id='word_1_16' title='bbox 269 1114 501 1182; x_wconf 81' lang='lat' dir='ltr'>VIRCOSIED</span> <span class='ocrx_word' id='word_1_17' title='bbox 527 1110 1374 1179; x_wconf 79' lang='lat' dir='ltr'>ASTEDNOISIOPETOITESIAIPAKARIVOIS.</span> 
     </span>
    </p>
   </div>
   <div class='ocr_carea' id='block_1_4' title="bbox 402 1226 1078 1311">
    <p class='ocr_par' dir='ltr' id='par_1_4' title="bbox 402 1226 1078 1311">
     <span class='ocr_line' id='line_1_6' title="bbox 402 1226 1078 1311; baseline -0.003 -2"><span class='ocrx_word' id='word_1_18' title='bbox 402 1238 553 1311; x_wconf 89' lang='lat' dir='ltr'>Duenos</span> <span class='ocrx_word' id='word_1_19' title='bbox 581 1234 670 1308; x_wconf 77' lang='lat' dir='ltr'>nied</span> <span class='ocrx_word' id='word_1_20' title='bbox 698 1233 808 1308; x_wconf 66' lang='lat' dir='ltr'>selred</span> <span class='ocrx_word' id='word_1_21' title='bbox 837 1258 883 1308; x_wconf 90' lang='lat' dir='ltr'>en</span> <span class='ocrx_word' id='word_1_22' title='bbox 912 1226 1078 1308; x_wconf 68' lang='lat' dir='ltr'>manem.</span> 
     </span>
    </p>
   </div>
   <div class='ocr_carea' id='block_1_5' title="bbox 180 1377 1410 4338">
    <p class='ocr_par' dir='ltr' id='par_1_5' title="bbox 403 1377 1274 1474">
     <span class='ocr_line' id='line_1_7' title="bbox 403 1377 1274 1474; baseline -0.001 -22"><span class='ocrx_word' id='word_1_23' title='bbox 403 1382 528 1453; x_wconf 78' lang='lat' dir='ltr'>einom</span> <span class='ocrx_word' id='word_1_24' title='bbox 556 1377 707 1474; x_wconf 62' lang='lat' dir='ltr'>drenow</span> <span class='ocrx_word' id='word_1_25' title='bbox 745 1380 833 1451; x_wconf 84' lang='lat' dir='ltr'>incm</span> <span class='ocrx_word' id='word_1_26' title='bbox 870 1378 958 1451; x_wconf 74' lang='lat' dir='ltr'>med</span> <span class='ocrx_word' id='word_1_27' title='bbox 987 1377 1100 1473; x_wconf 79' lang='lat' dir='ltr'>mano</span> <span class='ocrx_word' id='word_1_28' title='bbox 1130 1378 1274 1451; x_wconf 72' lang='lat' dir='ltr'>stated.</span> 
     </span>
    </p>

    <p class='ocr_par' dir='ltr' id='par_1_6' title="bbox 180 1591 1410 2630">
     <span class='ocr_line' id='line_1_8' title="bbox 345 1591 1405 1668; baseline -0.004 -14"><span class='ocrx_word' id='word_1_29' title='bbox 345 1591 378 1655; x_wconf 85' lang='lat'>3.</span> <span class='ocrx_word' id='word_1_30' title='bbox 424 1594 587 1653; x_wconf 81' lang='lat' dir='ltr'>Vesculum</span> <span class='ocrx_word' id='word_1_31' title='bbox 621 1593 766 1668; x_wconf 79' lang='lat' dir='ltr'>figlinum,</span> <span class='ocrx_word' id='word_1_32' title='bbox 803 1595 882 1668; x_wconf 91' lang='lat' dir='ltr'>quod</span> <span class='ocrx_word' id='word_1_33' title='bbox 914 1594 1024 1652; x_wconf 83' lang='lat' dir='ltr'>Romae</span> <span class='ocrx_word' id='word_1_34' title='bbox 1047 1593 1076 1650; x_wconf 88' lang='lat' dir='ltr'>in</span> <span class='ocrx_word' id='word_1_35' title='bbox 1101 1592 1250 1663; x_wconf 82' lang='lat' dir='ltr'>Quirinali</span> <span class='ocrx_word' id='word_1_36' title='bbox 1276 1613 1304 1652; x_wconf 90' lang='lat' dir='ltr'>a.</span> <span class='ocrx_word' id='word_1_37' title='bbox 1330 1592 1405 1650; x_wconf 65' lang='lat'>1859</span> 
     </span>
     <span class='ocr_line' id='line_1_9' title="bbox 240 1680 1407 1746; baseline -0.002 -4"><span class='ocrx_word' id='word_1_38' title='bbox 240 1688 363 1742; x_wconf 81' lang='lat' dir='ltr'>exeunte</span> <span class='ocrx_word' id='word_1_39' title='bbox 399 1687 452 1742; x_wconf 87' lang='lat' dir='ltr'>aut</span> <span class='ocrx_word' id='word_1_40' title='bbox 486 1684 606 1740; x_wconf 86' lang='lat' dir='ltr'>ineunte</span> <span class='ocrx_word' id='word_1_41' title='bbox 638 1680 721 1740; x_wconf 88' lang='grc'>1880</span> <span class='ocrx_word' id='word_1_42' title='bbox 768 1682 923 1740; x_wconf 84' lang='lat' dir='ltr'>inuentum</span> <span class='ocrx_word' id='word_1_43' title='bbox 947 1687 1000 1746; x_wconf 83' lang='lat' dir='ltr'>est,</span> <span class='ocrx_word' id='word_1_44' title='bbox 1025 1682 1119 1740; x_wconf 86' lang='lat' dir='ltr'>ambit</span> <span class='ocrx_word' id='word_1_45' title='bbox 1141 1682 1191 1740; x_wconf 91' lang='lat' dir='ltr'>hic</span> <span class='ocrx_word' id='word_1_46' title='bbox 1215 1683 1326 1741; x_wconf 82' lang='lat' dir='ltr'>titulus</span> <span class='ocrx_word' id='word_1_47' title='bbox 1348 1683 1407 1740; x_wconf 80' lang='lat' dir='ltr'>sini-</span> 
     </span>
     <span class='ocr_line' id='line_1_10' title="bbox 237 1770 1404 1848; baseline -0.004 -16"><span class='ocrx_word' id='word_1_48' title='bbox 237 1777 393 1832; x_wconf 88' lang='lat' dir='ltr'>strorsum.</span> <span class='ocrx_word' id='word_1_49' title='bbox 440 1791 527 1848; x_wconf 88' lang='lat' dir='ltr'>quem</span> <span class='ocrx_word' id='word_1_50' title='bbox 551 1772 664 1847; x_wconf 90' lang='lat' dir='ltr'>primus</span> <span class='ocrx_word' id='word_1_51' title='bbox 688 1771 780 1840; x_wconf 80' lang='lat' dir='ltr'>edidit</span> <span class='ocrx_word' id='word_1_52' title='bbox 803 1771 921 1831; x_wconf 89' lang='lat' dir='ltr'>Dressel</span> <span class='ocrx_word' id='word_1_53' title='bbox 945 1791 1012 1829; x_wconf 89' lang='lat' dir='ltr'>ann.</span> <span class='ocrx_word' id='word_1_54' title='bbox 1037 1771 1056 1828; x_wconf 91' lang='lat' dir='ltr'>i.</span> <span class='ocrx_word' id='word_1_55' title='bbox 1082 1773 1161 1830; x_wconf 87' lang='lat' dir='ltr'>arch.</span> <span class='ocrx_word' id='word_1_56' title='bbox 1189 1770 1247 1828; x_wconf 85' lang='lat' dir='ltr'>LII</span> <span class='ocrx_word' id='word_1_57' title='bbox 1268 1771 1331 1829; x_wconf 87' lang='lat'>158</span> <span class='ocrx_word' id='word_1_58' title='bbox 1349 1791 1404 1846; x_wconf 90' lang='lat' dir='ltr'>sqq.</span> 
     </span>
     <span class='ocr_line' id='line_1_11' title="bbox 239 1860 1407 1937; baseline -0.003 -17"><span class='ocrx_word' id='word_1_59' title='bbox 239 1862 424 1937; x_wconf 86' lang='lat' dir='ltr'>transscripsi</span> <span class='ocrx_word' id='word_1_60' title='bbox 459 1880 494 1918; x_wconf 85' lang='lat' dir='ltr'>ex</span> <span class='ocrx_word' id='word_1_61' title='bbox 528 1860 706 1936; x_wconf 79' lang='lat' dir='ltr'>imaginibus</span> <span class='ocrx_word' id='word_1_62' title='bbox 741 1860 937 1935; x_wconf 78' lang='lat' dir='ltr'>lithographis</span> <span class='ocrx_word' id='word_1_63' title='bbox 972 1880 1047 1935; x_wconf 89' lang='lat' dir='ltr'>quae</span> <span class='ocrx_word' id='word_1_64' title='bbox 1071 1866 1142 1919; x_wconf 89' lang='lat' dir='ltr'>sunt</span> <span class='ocrx_word' id='word_1_65' title='bbox 1165 1861 1197 1918; x_wconf 92' lang='lat' dir='ltr'>in</span> <span class='ocrx_word' id='word_1_66' title='bbox 1222 1861 1312 1919; x_wconf 87' lang='lat' dir='ltr'>Pauli</span> <span class='ocrx_word' id='word_1_67' title='bbox 1336 1861 1407 1919; x_wconf 82' lang='lat' dir='ltr'>stud.</span> 
     </span>
     <span class='ocr_line' id='line_1_12' title="bbox 239 1948 1409 2025; baseline -0.002 -17"><span class='ocrx_word' id='word_1_68' title='bbox 239 1951 303 2008; x_wconf 89' lang='lat' dir='ltr'>ital.</span> <span class='ocrx_word' id='word_1_69' title='bbox 340 1950 355 2008; x_wconf 91' lang='lat' dir='ltr'>l</span> <span class='ocrx_word' id='word_1_70' title='bbox 390 1957 420 2008; x_wconf 92' lang='lat' dir='ltr'>et</span> <span class='ocrx_word' id='word_1_71' title='bbox 453 1949 478 2006; x_wconf 89' lang='lat' dir='ltr'>l.</span> <span class='ocrx_word' id='word_1_72' title='bbox 514 1950 538 2007; x_wconf 93' lang='grc' dir='ltr'>Ι.</span> <span class='ocrx_word' id='word_1_73' title='bbox 574 1949 598 2007; x_wconf 91' lang='grc' dir='ltr'>Ι.</span> <span class='ocrx_word' id='word_1_74' title='bbox 634 1950 679 2006; x_wconf 86' lang='lat' dir='ltr'>ed.</span> <span class='ocrx_word' id='word_1_75' title='bbox 712 1948 863 2007; x_wconf 85' lang='lat' dir='ltr'>Zvetaicff.</span> <span class='ocrx_word' id='word_1_76' title='bbox 888 1951 989 2007; x_wconf 89' lang='lat' dir='ltr'>eodem</span> <span class='ocrx_word' id='word_1_77' title='bbox 1012 1951 1099 2008; x_wconf 87' lang='lat' dir='ltr'>modo</span> <span class='ocrx_word' id='word_1_78' title='bbox 1123 1951 1217 2025; x_wconf 90' lang='lat' dir='ltr'>atque</span> <span class='ocrx_word' id='word_1_79' title='bbox 1241 1969 1301 2025; x_wconf 85' lang='lat' dir='ltr'>ego</span> <span class='ocrx_word' id='word_1_80' title='bbox 1323 1949 1409 2008; x_wconf 85' lang='lat' dir='ltr'>uerba</span> 
     </span>
     <span class='ocr_line' id='line_1_13' title="bbox 240 2031 1407 2116; baseline -0.001 -19"><span class='ocrx_word' id='word_1_81' title='bbox 240 2040 347 2097; x_wconf 87' lang='lat' dir='ltr'>diuidit</span> <span class='ocrx_word' id='word_1_82' title='bbox 369 2038 521 2097; x_wconf 89' lang='lat' dir='ltr'>Zurettius</span> <span class='ocrx_word' id='word_1_83' title='bbox 546 2031 613 2095; x_wconf 75' lang='lat' dir='ltr'>&#39;ria</span> <span class='ocrx_word' id='word_1_84' title='bbox 637 2033 672 2094; x_wconf 83' lang='lat' dir='ltr'>cli</span> <span class='ocrx_word' id='word_1_85' title='bbox 692 2031 749 2113; x_wconf 66' lang='lat' dir='ltr'>fil!</span> <span class='ocrx_word' id='word_1_86' title='bbox 772 2031 882 2096; x_wconf 86' lang='lat' dir='ltr'><em>XVII</em></span> <span class='ocrx_word' id='word_1_87' title='bbox 901 2035 943 2095; x_wconf 77' lang='lat'>63</span> <span class='ocrx_word' id='word_1_88' title='bbox 958 2054 1002 2116; x_wconf 80' lang='lat' dir='ltr'>sq.</span> <span class='ocrx_word' id='word_1_89' title='bbox 1044 2043 1215 2114; x_wconf 73' lang='lat' dir='ltr'><strong>postremae</strong></span> <span class='ocrx_word' id='word_1_90' title='bbox 1237 2040 1335 2114; x_wconf 88' lang='lat' dir='ltr'>partis</span> <span class='ocrx_word' id='word_1_91' title='bbox 1350 2057 1407 2097; x_wconf 86' lang='lat' dir='ltr'>con·</span> 
     </span>
     <span class='ocr_line' id='line_1_14' title="bbox 239 2122 1410 2203; baseline -0.002 -17"><span class='ocrx_word' id='word_1_92' title='bbox 239 2128 324 2186; x_wconf 90' lang='lat' dir='ltr'>tinua</span> <span class='ocrx_word' id='word_1_93' title='bbox 359 2128 433 2186; x_wconf 89' lang='lat' dir='ltr'>serie</span> <span class='ocrx_word' id='word_1_94' title='bbox 464 2127 632 2184; x_wconf 88' lang='lat' dir='ltr'>litterarum</span> <span class='ocrx_word' id='word_1_95' title='bbox 655 2126 813 2201; x_wconf 78' lang='lat' dir='ltr'>inscriptae</span> <span class='ocrx_word' id='word_1_96' title='bbox 837 2122 874 2185; x_wconf 85' lang='lat' dir='ltr'>ab</span> <span class='ocrx_word' id='word_1_97' title='bbox 898 2127 993 2202; x_wconf 89' lang='lat' dir='ltr'>iisque</span> <span class='ocrx_word' id='word_1_98' title='bbox 1016 2147 1092 2203; x_wconf 89' lang='lat' dir='ltr'>quae</span> <span class='ocrx_word' id='word_1_99' title='bbox 1117 2129 1305 2186; x_wconf 88' lang='lat' dir='ltr'>antecedunt</span> <span class='ocrx_word' id='word_1_100' title='bbox 1327 2128 1410 2186; x_wconf 66' lang='lat' dir='ltr'>inter«</span> 
     </span>
     <span class='ocr_line' id='line_1_15' title="bbox 180 2215 1409 2293; baseline -0.002 -17"><span class='ocrx_word' id='word_1_101' title='bbox 180 2237 183 2242; x_wconf 91' lang='lat'>·</span> <span class='ocrx_word' id='word_1_102' title='bbox 238 2219 320 2276; x_wconf 90' lang='lat' dir='ltr'>uallo</span> <span class='ocrx_word' id='word_1_103' title='bbox 343 2219 496 2292; x_wconf 79' lang='lat' dir='ltr'>separatae</span> <span class='ocrx_word' id='word_1_104' title='bbox 520 2234 657 2273; x_wconf 87' lang='lat' dir='ltr'>mensura</span> <span class='ocrx_word' id='word_1_105' title='bbox 680 2215 852 2290; x_wconf 88' lang='lat' dir='ltr'>scansioque</span> <span class='ocrx_word' id='word_1_106' title='bbox 876 2217 931 2275; x_wconf 90' lang='lat' dir='ltr'>hoc</span> <span class='ocrx_word' id='word_1_107' title='bbox 954 2218 1018 2274; x_wconf 94' lang='lat' dir='ltr'>loco</span> <span class='ocrx_word' id='word_1_108' title='bbox 1041 2217 1121 2275; x_wconf 82' lang='lat' dir='ltr'>facta</span> <span class='ocrx_word' id='word_1_109' title='bbox 1144 2223 1200 2275; x_wconf 93' lang='grc' dir='ltr'>θεῖ.</span> <span class='ocrx_word' id='word_1_110' title='bbox 1246 2236 1327 2292; x_wconf 89' lang='lat' dir='ltr'>quae</span> <span class='ocrx_word' id='word_1_111' title='bbox 1348 2235 1409 2293; x_wconf 90' lang='lat' dir='ltr'>pars</span> 
     </span>
     <span class='ocr_line' id='line_1_16' title="bbox 239 2304 1410 2383; baseline -0.001 -19"><span class='ocrx_word' id='word_1_112' title='bbox 239 2307 321 2364; x_wconf 81' lang='lat' dir='ltr'>atuh</span> <span class='ocrx_word' id='word_1_113' title='bbox 354 2325 395 2364; x_wconf 84' lang='lat' dir='ltr'>sm</span> <span class='ocrx_word' id='word_1_114' title='bbox 424 2304 565 2379; x_wconf 85' lang='lat' dir='ltr'>inscripta</span> <span class='ocrx_word' id='word_1_115' title='bbox 588 2306 648 2362; x_wconf 87' lang='lat' dir='ltr'>est:</span> <span class='ocrx_word' id='word_1_116' title='bbox 672 2322 1410 2383; x_wconf 65' lang='lat' dir='ltr'>ovsuasuram·aunnannsuoummonnpnnomenan-</span> 
     </span>
     <span class='ocr_line' id='line_1_17' title="bbox 240 2382 1407 2472; baseline -0.004 -19"><span class='ocrx_word' id='word_1_117' title='bbox 240 2413 442 2469; x_wconf 75' lang='lat' dir='ltr'>usposmron.</span> <span class='ocrx_word' id='word_1_118' title='bbox 482 2427 515 2434; x_wconf 87' lang='lat'><em>-</em></span> <span class='ocrx_word' id='word_1_119' title='bbox 555 2385 693 2470; x_wconf 82' lang='lat' dir='ltr'>dueno]</span> <span class='ocrx_word' id='word_1_120' title='bbox 726 2387 823 2450; x_wconf 72' lang='lat' dir='ltr'>Paula·</span> <span class='ocrx_word' id='word_1_121' title='bbox 845 2395 935 2452; x_wconf 90' lang='lat' dir='ltr'>titulo</span> <span class='ocrx_word' id='word_1_122' title='bbox 958 2397 1026 2470; x_wconf 88' lang='lat' dir='ltr'>post</span> <span class='ocrx_word' id='word_1_123' title='bbox 1049 2382 1365 2472; x_wconf 56' lang='lat' dir='ltr'>addita&#39;obscuraque</span> <span class='ocrx_word' id='word_1_124' title='bbox 1385 2394 1407 2448; x_wconf 76' lang='lat' dir='ltr'><strong>V</strong></span> 
     </span>
     <span class='ocr_line' id='line_1_18' title="bbox 239 2475 1410 2562; baseline -0.001 -20"><span class='ocrx_word' id='word_1_125' title='bbox 239 2484 357 2542; x_wconf 86' lang='lat' dir='ltr'>littera:</span> <span class='ocrx_word' id='word_1_126' title='bbox 391 2484 442 2540; x_wconf 83' lang='lat' dir='ltr'>dae</span> <span class='ocrx_word' id='word_1_127' title='bbox 465 2500 574 2540; x_wconf 69' lang='grc' dir='ltr'>ηοω-</span> <span class='ocrx_word' id='word_1_128' title='bbox 595 2476 743 2560; x_wconf 69' lang='lat' dir='ltr'>plerique.</span> <span class='ocrx_word' id='word_1_129' title='bbox 773 2515 807 2525; x_wconf 89' lang='lat'>-</span> <span class='ocrx_word' id='word_1_130' title='bbox 834 2475 948 2561; x_wconf 79' lang='lat' dir='ltr'>mapo]‚</span> <span class='ocrx_word' id='word_1_131' title='bbox 973 2483 1002 2541; x_wconf 87' lang='lat' dir='ltr'>N</span> <span class='ocrx_word' id='word_1_132' title='bbox 1026 2482 1126 2542; x_wconf 89' lang='lat' dir='ltr'>littera</span> <span class='ocrx_word' id='word_1_133' title='bbox 1149 2485 1315 2562; x_wconf 85' lang='lat' dir='ltr'>ambigua:</span> <span class='ocrx_word' id='word_1_134' title='bbox 1339 2485 1410 2543; x_wconf 86' lang='lat' dir='ltr'>malo</span> 
     </span>
     <span class='ocr_line' id='line_1_19' title="bbox 241 2567 413 2630; baseline -0.012 0"><span class='ocrx_word' id='word_1_135' title='bbox 241 2567 349 2630; x_wconf 73' lang='lat' dir='ltr'>Petili.</span> <span class='ocrx_word' id='word_1_136' title='bbox 379 2607 413 2617; x_wconf 74' lang='lat'>-</span> 
     </span>
    </p>

    <p class='ocr_par' dir='ltr' id='par_1_7' title="bbox 200 2661 1408 4338">
     <span class='ocr_line' id='line_1_20' title="bbox 349 2661 1408 2740; baseline -0.004 -21"><span class='ocrx_word' id='word_1_137' title='bbox 349 2661 466 2719; x_wconf 87' lang='lat' dir='ltr'>Priores</span> <span class='ocrx_word' id='word_1_138' title='bbox 501 2661 576 2717; x_wconf 89' lang='lat' dir='ltr'>duae</span> <span class='ocrx_word' id='word_1_139' title='bbox 604 2663 703 2734; x_wconf 87' lang='lat' dir='ltr'>partes</span> <span class='ocrx_word' id='word_1_140' title='bbox 727 2663 798 2718; x_wconf 90' lang='lat' dir='ltr'>sunt</span> <span class='ocrx_word' id='word_1_141' title='bbox 820 2661 907 2719; x_wconf 90' lang='lat' dir='ltr'>ualde</span> <span class='ocrx_word' id='word_1_142' title='bbox 931 2662 1087 2738; x_wconf 80' lang='lat' dir='ltr'>ambiguae</span> <span class='ocrx_word' id='word_1_143' title='bbox 1111 2665 1141 2720; x_wconf 92' lang='grc' dir='ltr'>θῖ</span> <span class='ocrx_word' id='word_1_144' title='bbox 1164 2662 1408 2740; x_wconf 69' lang='lat' dir='ltr'>interpretatione</span> 
     </span>
     <span class='ocr_line' id='line_1_21' title="bbox 239 2749 1405 2826; baseline -0.002 -17"><span class='ocrx_word' id='word_1_145' title='bbox 239 2755 269 2809; x_wconf 92' lang='grc' dir='ltr'>θῖ</span> <span class='ocrx_word' id='word_1_146' title='bbox 303 2749 463 2817; x_wconf 78' lang='lat' dir='ltr'>scansione,</span> <span class='ocrx_word' id='word_1_147' title='bbox 499 2753 533 2806; x_wconf 90' lang='lat' dir='ltr'>ut</span> <span class='ocrx_word' id='word_1_148' title='bbox 568 2768 671 2806; x_wconf 90' lang='lat' dir='ltr'>earum</span> <span class='ocrx_word' id='word_1_149' title='bbox 706 2749 886 2808; x_wconf 82' lang='lat' dir='ltr'>scansionem</span> <span class='ocrx_word' id='word_1_150' title='bbox 914 2769 1004 2826; x_wconf 91' lang='lat' dir='ltr'>supra</span> <span class='ocrx_word' id='word_1_151' title='bbox 1027 2751 1057 2809; x_wconf 92' lang='lat' dir='ltr'>in</span> <span class='ocrx_word' id='word_1_152' title='bbox 1080 2751 1247 2816; x_wconf 85' lang='lat' dir='ltr'>uerborum</span> <span class='ocrx_word' id='word_1_153' title='bbox 1275 2755 1405 2811; x_wconf 69' lang='lat' dir='ltr'>centena</span> 
     </span>
     <span class='ocr_line' id='line_1_22' title="bbox 239 2838 1403 2917; baseline 0 -20"><span class='ocrx_word' id='word_1_154' title='bbox 239 2841 356 2916; x_wconf 83' lang='lat' dir='ltr'>signare</span> <span class='ocrx_word' id='word_1_155' title='bbox 380 2838 541 2906; x_wconf 89' lang='lat' dir='ltr'>noluerim;</span> <span class='ocrx_word' id='word_1_156' title='bbox 566 2842 598 2895; x_wconf 87' lang='lat' dir='ltr'>at</span> <span class='ocrx_word' id='word_1_157' title='bbox 620 2839 692 2896; x_wconf 90' lang='lat' dir='ltr'>haec</span> <span class='ocrx_word' id='word_1_158' title='bbox 715 2841 846 2896; x_wconf 83' lang='lat' dir='ltr'>extrema</span> <span class='ocrx_word' id='word_1_159' title='bbox 869 2859 946 2914; x_wconf 78' lang='lat' dir='ltr'>pars,</span> <span class='ocrx_word' id='word_1_160' title='bbox 973 2844 1119 2915; x_wconf 90' lang='lat' dir='ltr'>quantum</span> <span class='ocrx_word' id='word_1_161' title='bbox 1142 2841 1282 2917; x_wconf 85' lang='lat' dir='ltr'>dispicio,</span> <span class='ocrx_word' id='word_1_162' title='bbox 1308 2844 1338 2900; x_wconf 89' lang='lat' dir='ltr'>et</span> <span class='ocrx_word' id='word_1_163' title='bbox 1359 2859 1403 2897; x_wconf 88' lang='lat' dir='ltr'>nu·</span> 
     </span>
     <span class='ocr_line' id='line_1_23' title="bbox 239 2927 1405 3004; baseline 0 -19"><span class='ocrx_word' id='word_1_164' title='bbox 239 2947 320 2986; x_wconf 90' lang='lat' dir='ltr'>mero</span> <span class='ocrx_word' id='word_1_165' title='bbox 362 2928 492 3002; x_wconf 85' lang='lat' dir='ltr'>quodam</span> <span class='ocrx_word' id='word_1_166' title='bbox 527 2927 666 2985; x_wconf 89' lang='lat' dir='ltr'>conclusa</span> <span class='ocrx_word' id='word_1_167' title='bbox 700 2929 745 2984; x_wconf 88' lang='grc' dir='ltr'>θεῖ</span> <span class='ocrx_word' id='word_1_168' title='bbox 779 2930 809 2984; x_wconf 90' lang='grc' dir='ltr'>θῖ</span> <span class='ocrx_word' id='word_1_169' title='bbox 843 2929 918 2986; x_wconf 89' lang='lat' dir='ltr'>hane</span> <span class='ocrx_word' id='word_1_170' title='bbox 952 2929 1013 2986; x_wconf 87' lang='lat' dir='ltr'>fere</span> <span class='ocrx_word' id='word_1_171' title='bbox 1047 2929 1330 3004; x_wconf 86' lang='lat' dir='ltr'>interpretationem</span> <span class='ocrx_word' id='word_1_172' title='bbox 1363 2928 1405 2985; x_wconf 83' lang='lat' dir='ltr'>ad-</span> 
     </span>
     <span class='ocr_line' id='line_1_24' title="bbox 238 3013 1405 3094; baseline 0.003 -20"><span class='ocrx_word' id='word_1_173' title='bbox 238 3017 348 3075; x_wconf 86' lang='lat' dir='ltr'>mittit:</span> <span class='ocrx_word' id='word_1_174' title='bbox 385 3017 521 3075; x_wconf 84' lang='lat' dir='ltr'>’Bonus</span> <span class='ocrx_word' id='word_1_175' title='bbox 556 3035 608 3074; x_wconf 89' lang='lat' dir='ltr'>me</span> <span class='ocrx_word' id='word_1_176' title='bbox 637 3015 732 3073; x_wconf 88' lang='lat' dir='ltr'>fecit</span> <span class='ocrx_word' id='word_1_177' title='bbox 765 3015 800 3072; x_wconf 93' lang='lat' dir='ltr'>in</span> <span class='ocrx_word' id='word_1_178' title='bbox 832 3016 985 3086; x_wconf 84' lang='lat' dir='ltr'>bonum3</span> <span class='ocrx_word' id='word_1_179' title='bbox 1011 3021 1047 3075; x_wconf 92' lang='grc' dir='ltr'>θῖ</span> <span class='ocrx_word' id='word_1_180' title='bbox 1069 3018 1208 3077; x_wconf 89' lang='lat' dir='ltr'>bonum</span> <span class='ocrx_word' id='word_1_181' title='bbox 1233 3013 1405 3094; x_wconf 65' lang='lat' dir='ltr'>enim(=&gt;</span> 
     </span>
     <span class='ocr_line' id='line_1_25' title="bbox 237 3097 1400 3181; baseline 0.001 -17"><span class='ocrx_word' id='word_1_182' title='bbox 237 3104 349 3164; x_wconf 89' lang='lat' dir='ltr'>bonum</span> <span class='ocrx_word' id='word_1_183' title='bbox 383 3105 503 3181; x_wconf 87' lang='lat' dir='ltr'>quidem</span> <span class='ocrx_word' id='word_1_184' title='bbox 534 3105 555 3162; x_wconf 91' lang='lat' dir='ltr'>l.</span> <span class='ocrx_word' id='word_1_185' title='bbox 580 3097 726 3180; x_wconf 85' lang='lat' dir='ltr'>profecto)</span> <span class='ocrx_word' id='word_1_186' title='bbox 749 3123 802 3162; x_wconf 92' lang='lat' dir='ltr'>me</span> <span class='ocrx_word' id='word_1_187' title='bbox 825 3105 922 3164; x_wconf 90' lang='lat' dir='ltr'>bono</span> <span class='ocrx_word' id='word_1_188' title='bbox 946 3107 1099 3166; x_wconf 86' lang='lat' dir='ltr'>sistito&#39;.</span> <span class='ocrx_word' id='word_1_189' title='bbox 1146 3107 1273 3167; x_wconf 87' lang='lat' dir='ltr'>einom</span> <span class='ocrx_word' id='word_1_190' title='bbox 1297 3113 1341 3167; x_wconf 91' lang='grc' dir='ltr'>θεῖ</span> <span class='ocrx_word' id='word_1_191' title='bbox 1362 3125 1400 3166; x_wconf 88' lang='lat' dir='ltr'>co·</span> 
     </span>
     <span class='ocr_line' id='line_1_26' title="bbox 239 3192 1400 3272; baseline 0.002 -20"><span class='ocrx_word' id='word_1_192' title='bbox 239 3196 319 3270; x_wconf 83' lang='lat' dir='ltr'>pule,</span> <span class='ocrx_word' id='word_1_193' title='bbox 345 3214 420 3269; x_wconf 91' lang='lat' dir='ltr'>quae</span> <span class='ocrx_word' id='word_1_194' title='bbox 444 3195 474 3251; x_wconf 92' lang='lat' dir='ltr'>in</span> <span class='ocrx_word' id='word_1_195' title='bbox 498 3213 588 3252; x_wconf 88' lang='lat' dir='ltr'>carm.</span> <span class='ocrx_word' id='word_1_196' title='bbox 613 3192 719 3251; x_wconf 85' lang='lat' dir='ltr'>Saliari</span> <span class='ocrx_word' id='word_1_197' title='bbox 743 3193 851 3268; x_wconf 85' lang='lat' dir='ltr'>scripta</span> <span class='ocrx_word' id='word_1_198' title='bbox 868 3199 912 3253; x_wconf 87' lang='grc' dir='ltr'>θεῖ</span> <span class='ocrx_word' id='word_1_199' title='bbox 928 3214 1051 3266; x_wconf 82' lang='lat' dir='ltr'>enum3</span> <span class='ocrx_word' id='word_1_200' title='bbox 1067 3197 1198 3272; x_wconf 83' lang='lat' dir='ltr'>paelign.</span> <span class='ocrx_word' id='word_1_201' title='bbox 1223 3197 1249 3255; x_wconf 93' lang='grc' dir='ltr'>Ι.</span> <span class='ocrx_word' id='word_1_202' title='bbox 1269 3197 1294 3257; x_wconf 91' lang='grc' dir='ltr'>Ι.</span> <span class='ocrx_word' id='word_1_203' title='bbox 1314 3196 1335 3254; x_wconf 90' lang='lat' dir='ltr'>l.</span> <span class='ocrx_word' id='word_1_204' title='bbox 1356 3198 1400 3254; x_wconf 79' lang='lat'>35.</span> 
     </span>
     <span class='ocr_line' id='line_1_27' title="bbox 241 3281 1403 3356; baseline 0.002 -16"><span class='ocrx_word' id='word_1_205' title='bbox 241 3283 323 3340; x_wconf 86' lang='lat' dir='ltr'>”seffi</span> <span class='ocrx_word' id='word_1_206' title='bbox 346 3283 361 3341; x_wconf 94' lang='grc' dir='ltr'><strong>Ι</strong></span> <span class='ocrx_word' id='word_1_207' title='bbox 382 3281 484 3340; x_wconf 88' lang='lat' dir='ltr'><strong>·NOM</strong></span> <span class='ocrx_word' id='word_1_208' title='bbox 507 3282 585 3340; x_wconf 88' lang='lat' dir='ltr'>suois</span> <span class='ocrx_word' id='word_1_209' title='bbox 610 3282 760 3352; x_wconf 86' lang='lat' dir='ltr'>cnatois”;</span> <span class='ocrx_word' id='word_1_210' title='bbox 785 3284 822 3340; x_wconf 86' lang='lat' dir='ltr'>cf.</span> <span class='ocrx_word' id='word_1_211' title='bbox 847 3283 1021 3342; x_wconf 86' lang='lat' dir='ltr'>Buecheleri</span> <span class='ocrx_word' id='word_1_212' title='bbox 1044 3286 1101 3344; x_wconf 79' lang='lat' dir='ltr'>lex.</span> <span class='ocrx_word' id='word_1_213' title='bbox 1125 3285 1194 3343; x_wconf 86' lang='lat' dir='ltr'>Ital.</span> <span class='ocrx_word' id='word_1_214' title='bbox 1218 3286 1344 3356; x_wconf 87' lang='lat' dir='ltr'>VIIle;</span> <span class='ocrx_word' id='word_1_215' title='bbox 1359 3284 1403 3342; x_wconf 45' lang='lat' dir='ltr'>ei*</span> 
     </span>
     <span class='ocr_line' id='line_1_28' title="bbox 200 3366 1401 3447; baseline 0.001 -18"><span class='ocrx_word' id='word_1_216' title='bbox 200 3398 203 3404; x_wconf 33' lang='lat' dir='ltr'>r</span> <span class='ocrx_word' id='word_1_217' title='bbox 240 3391 319 3430; x_wconf 87' lang='lat' dir='ltr'>nom</span> <span class='ocrx_word' id='word_1_218' title='bbox 344 3390 399 3447; x_wconf 91' lang='lat' dir='ltr'>pro</span> <span class='ocrx_word' id='word_1_219' title='bbox 422 3366 526 3429; x_wconf 84' lang='lat' dir='ltr'>inom</span> <span class='ocrx_word' id='word_1_220' title='bbox 548 3371 623 3429; x_wconf 89' lang='lat' dir='ltr'>falsa</span> <span class='ocrx_word' id='word_1_221' title='bbox 646 3371 804 3447; x_wconf 86' lang='lat' dir='ltr'>scriptione</span> <span class='ocrx_word' id='word_1_222' title='bbox 832 3406 866 3413; x_wconf 90' lang='lat'><em>-</em></span> <span class='ocrx_word' id='word_1_223' title='bbox 895 3374 974 3447; x_wconf 89' lang='lat' dir='ltr'>quod</span> <span class='ocrx_word' id='word_1_224' title='bbox 990 3373 1040 3431; x_wconf 86' lang='lat' dir='ltr'>alii</span> <span class='ocrx_word' id='word_1_225' title='bbox 1056 3373 1113 3431; x_wconf 89' lang='lat' dir='ltr'>iam</span> <span class='ocrx_word' id='word_1_226' title='bbox 1131 3374 1401 3435; x_wconf 86' lang='lat' dir='ltr'>animaduerterunt</span> 
     </span>
     <span class='ocr_line' id='line_1_29' title="bbox 244 3458 1403 3537; baseline 0.001 -19"><span class='ocrx_word' id='word_1_227' title='bbox 244 3495 278 3503; x_wconf 89' lang='lat'>—</span> <span class='ocrx_word' id='word_1_228' title='bbox 306 3479 373 3518; x_wconf 89' lang='lat' dir='ltr'>cum</span> <span class='ocrx_word' id='word_1_229' title='bbox 396 3460 608 3535; x_wconf 87' lang='lat' dir='ltr'>paenultimam</span> <span class='ocrx_word' id='word_1_230' title='bbox 632 3463 695 3518; x_wconf 86' lang='lat' dir='ltr'>tam</span> <span class='ocrx_word' id='word_1_231' title='bbox 717 3460 864 3536; x_wconf 84' lang='lat' dir='ltr'>corripere</span> <span class='ocrx_word' id='word_1_232' title='bbox 880 3462 986 3520; x_wconf 88' lang='lat' dir='ltr'>debeat</span> <span class='ocrx_word' id='word_1_233' title='bbox 1002 3482 1090 3537; x_wconf 88' lang='lat' dir='ltr'>quam</span> <span class='ocrx_word' id='word_1_234' title='bbox 1108 3458 1207 3522; x_wconf 60' lang='lat' dir='ltr'>inim</span> <span class='ocrx_word' id='word_1_235' title='bbox 1222 3458 1335 3523; x_wconf 79' lang='lat' dir='ltr'>inem.</span> <span class='ocrx_word' id='word_1_236' title='bbox 1363 3482 1403 3520; x_wconf 75' lang='lat' dir='ltr'>ea-</span> 
     </span>
     <span class='ocr_line' id='line_1_30' title="bbox 240 3548 1403 3625; baseline 0.003 -18"><span class='ocrx_word' id='word_1_237' title='bbox 240 3549 305 3607; x_wconf 83' lang='lat' dir='ltr'>dem</span> <span class='ocrx_word' id='word_1_238' title='bbox 341 3549 520 3625; x_wconf 80' lang='lat' dir='ltr'>negligentia</span> <span class='ocrx_word' id='word_1_239' title='bbox 554 3548 695 3624; x_wconf 87' lang='lat' dir='ltr'>inscripta</span> <span class='ocrx_word' id='word_1_240' title='bbox 726 3549 920 3608; x_wconf 89' lang='lat' dir='ltr'>inueniuntur</span> <span class='ocrx_word' id='word_1_241' title='bbox 943 3550 1059 3609; x_wconf 72' lang='lat' dir='ltr'>sulita</span> <span class='ocrx_word' id='word_1_242' title='bbox 1083 3552 1337 3613; x_wconf 80' lang='lat' dir='ltr'><strong>IMPEIRATOR</strong></span> <span class='ocrx_word' id='word_1_243' title='bbox 1356 3550 1403 3611; x_wconf 77' lang='lat' dir='ltr'>El-</span> 
     </span>
     <span class='ocr_line' id='line_1_31' title="bbox 239 3638 1402 3715; baseline 0 -19"><span class='ocrx_word' id='word_1_244' title='bbox 239 3638 324 3696; x_wconf 81' lang='lat' dir='ltr'>DEM</span> <span class='ocrx_word' id='word_1_245' title='bbox 359 3642 456 3696; x_wconf 88' lang='lat' dir='ltr'>neutr.</span> <span class='ocrx_word' id='word_1_246' title='bbox 492 3657 554 3714; x_wconf 82' lang='lat' dir='ltr'>sg.;</span> <span class='ocrx_word' id='word_1_247' title='bbox 590 3639 625 3695; x_wconf 90' lang='lat' dir='ltr'>de</span> <span class='ocrx_word' id='word_1_248' title='bbox 649 3657 709 3713; x_wconf 89' lang='lat' dir='ltr'>quo</span> <span class='ocrx_word' id='word_1_249' title='bbox 732 3638 792 3696; x_wconf 89' lang='lat' dir='ltr'>ind.</span> <span class='ocrx_word' id='word_1_250' title='bbox 816 3659 942 3715; x_wconf 83' lang='lat' dir='ltr'>gramm.</span> <span class='ocrx_word' id='word_1_251' title='bbox 967 3639 1135 3698; x_wconf 85' lang='lat' dir='ltr'>Schneideri</span> <span class='ocrx_word' id='word_1_252' title='bbox 1158 3645 1190 3699; x_wconf 89' lang='lat' dir='ltr'>et</span> <span class='ocrx_word' id='word_1_253' title='bbox 1212 3642 1350 3702; x_wconf 83' lang='lat' dir='ltr'>Haustus</span> <span class='ocrx_word' id='word_1_254' title='bbox 1371 3641 1402 3699; x_wconf 84' lang='lat' dir='ltr'>de</span> 
     </span>
     <span class='ocr_line' id='line_1_32' title="bbox 240 3723 1399 3803; baseline 0.003 -19"><span class='ocrx_word' id='word_1_255' title='bbox 240 3726 301 3785; x_wconf 87' lang='lat' dir='ltr'>Sat.</span> <span class='ocrx_word' id='word_1_256' title='bbox 336 3747 366 3802; x_wconf 91' lang='lat' dir='ltr'>p.</span> <span class='ocrx_word' id='word_1_257' title='bbox 390 3726 442 3784; x_wconf 90' lang='lat'>49.</span> <span class='ocrx_word' id='word_1_258' title='bbox 488 3745 547 3786; x_wconf 91' lang='lat' dir='ltr'>non</span> <span class='ocrx_word' id='word_1_259' title='bbox 569 3726 662 3803; x_wconf 83' lang='lat' dir='ltr'>igitur</span> <span class='ocrx_word' id='word_1_260' title='bbox 684 3728 792 3786; x_wconf 90' lang='lat' dir='ltr'>mirum</span> <span class='ocrx_word' id='word_1_261' title='bbox 817 3729 896 3803; x_wconf 87' lang='lat' dir='ltr'>quod</span> <span class='ocrx_word' id='word_1_262' title='bbox 920 3723 1048 3787; x_wconf 67' lang='lat' dir='ltr'>einim</span> <span class='ocrx_word' id='word_1_263' title='bbox 1072 3729 1195 3790; x_wconf 75' lang='lat' dir='ltr'>dueno</span> <span class='ocrx_word' id='word_1_264' title='bbox 1217 3731 1262 3793; x_wconf 89' lang='lat' dir='ltr'>sic</span> <span class='ocrx_word' id='word_1_265' title='bbox 1286 3734 1330 3791; x_wconf 87' lang='lat' dir='ltr'>est</span> <span class='ocrx_word' id='word_1_266' title='bbox 1350 3748 1399 3788; x_wconf 89' lang='lat' dir='ltr'>me·</span> 
     </span>
     <span class='ocr_line' id='line_1_33' title="bbox 239 3811 1404 3894; baseline 0.003 -21"><span class='ocrx_word' id='word_1_267' title='bbox 239 3816 372 3873; x_wconf 88' lang='lat' dir='ltr'>tiendum</span> <span class='ocrx_word' id='word_1_268' title='bbox 394 3818 430 3873; x_wconf 91' lang='lat' dir='ltr'>ut</span> <span class='ocrx_word' id='word_1_269' title='bbox 452 3815 557 3872; x_wconf 90' lang='lat' dir='ltr'>ultima</span> <span class='ocrx_word' id='word_1_270' title='bbox 575 3816 657 3874; x_wconf 91' lang='lat' dir='ltr'>uocis</span> <span class='ocrx_word' id='word_1_271' title='bbox 682 3816 824 3874; x_wconf 88' lang='lat' dir='ltr'>iambicae</span> <span class='ocrx_word' id='word_1_272' title='bbox 840 3818 1015 3893; x_wconf 91' lang='lat' dir='ltr'>positionem</span> <span class='ocrx_word' id='word_1_273' title='bbox 1032 3837 1089 3876; x_wconf 93' lang='lat' dir='ltr'>non</span> <span class='ocrx_word' id='word_1_274' title='bbox 1105 3819 1206 3878; x_wconf 85' lang='lat' dir='ltr'>faciat.</span> <span class='ocrx_word' id='word_1_275' title='bbox 1230 3855 1266 3864; x_wconf 79' lang='lat'><em>-</em></span> <span class='ocrx_word' id='word_1_276' title='bbox 1286 3811 1404 3894; x_wconf 83' lang='lat' dir='ltr'>ine(1n)</span> 
     </span>
     <span class='ocr_line' id='line_1_34' title="bbox 213 3904 1402 3983; baseline 0.003 -22"><span class='ocrx_word' id='word_1_277' title='bbox 213 3904 362 3979; x_wconf 87' lang='lat' dir='ltr'>&#39;antiqua</span> <span class='ocrx_word' id='word_1_278' title='bbox 397 3904 555 3978; x_wconf 89' lang='lat' dir='ltr'>scriptione</span> <span class='ocrx_word' id='word_1_279' title='bbox 589 3909 634 3963; x_wconf 91' lang='grc' dir='ltr'>θεῖ</span> <span class='ocrx_word' id='word_1_280' title='bbox 666 3905 760 3963; x_wconf 89' lang='lat' dir='ltr'>enim</span> <span class='ocrx_word' id='word_1_281' title='bbox 785 3907 977 3965; x_wconf 87' lang='lat' dir='ltr'>confirmandi</span> <span class='ocrx_word' id='word_1_282' title='bbox 999 3908 1156 3983; x_wconf 89' lang='lat' dir='ltr'>particula,</span> <span class='ocrx_word' id='word_1_283' title='bbox 1180 3911 1217 3967; x_wconf 91' lang='lat' dir='ltr'>ut</span> <span class='ocrx_word' id='word_1_284' title='bbox 1243 3910 1292 3968; x_wconf 87' lang='lat' dir='ltr'>&#39;id</span> <span class='ocrx_word' id='word_1_285' title='bbox 1314 3909 1402 3968; x_wconf 89' lang='lat' dir='ltr'>enim</span> 
     </span>
     <span class='ocr_line' id='line_1_35' title="bbox 240 3994 1400 4072; baseline 0.003 -23"><span class='ocrx_word' id='word_1_286' title='bbox 240 3994 392 4051; x_wconf 81' lang='lat' dir='ltr'>terendum</span> <span class='ocrx_word' id='word_1_287' title='bbox 426 4011 487 4051; x_wconf 90' lang='lat' dir='ltr'>esse</span> <span class='ocrx_word' id='word_1_288' title='bbox 511 3996 609 4070; x_wconf 83' lang='lat' dir='ltr'>negat&#39;</span> <span class='ocrx_word' id='word_1_289' title='bbox 634 3999 664 4051; x_wconf 91' lang='lat' dir='ltr'>et</span> <span class='ocrx_word' id='word_1_290' title='bbox 689 3994 794 4052; x_wconf 89' lang='lat' dir='ltr'>&#39;nihil</span> <span class='ocrx_word' id='word_1_291' title='bbox 818 3995 924 4053; x_wconf 87' lang='lat' dir='ltr'>enim&#39;</span> <span class='ocrx_word' id='word_1_292' title='bbox 948 3996 1065 4071; x_wconf 89' lang='lat' dir='ltr'>aliaque</span> <span class='ocrx_word' id='word_1_293' title='bbox 1089 3995 1139 4067; x_wconf 84' lang='lat' dir='ltr'>(ci.</span> <span class='ocrx_word' id='word_1_294' title='bbox 1164 3997 1210 4056; x_wconf 89' lang='lat' dir='ltr'>ed.</span> <span class='ocrx_word' id='word_1_295' title='bbox 1237 3997 1272 4058; x_wconf 78' lang='lat' dir='ltr'>O.</span> <span class='ocrx_word' id='word_1_296' title='bbox 1296 3998 1354 4057; x_wconf 87' lang='lat' dir='ltr'>Sal.</span> <span class='ocrx_word' id='word_1_297' title='bbox 1375 4017 1400 4072; x_wconf 93' lang='lat' dir='ltr'>p.</span> 
     </span>
     <span class='ocr_line' id='line_1_36' title="bbox 241 4080 1405 4160; baseline 0.007 -22"><span class='ocrx_word' id='word_1_298' title='bbox 241 4080 304 4151; x_wconf 78' lang='lat'><strong>29).</strong></span> <span class='ocrx_word' id='word_1_299' title='bbox 356 4117 390 4124; x_wconf 85' lang='lat'>-—</span> <span class='ocrx_word' id='word_1_300' title='bbox 425 4081 540 4140; x_wconf 70' lang='lat' dir='ltr'>selred</span> <span class='ocrx_word' id='word_1_301' title='bbox 563 4083 604 4140; x_wconf 86' lang='lat' dir='ltr'>ita</span> <span class='ocrx_word' id='word_1_302' title='bbox 628 4085 663 4140; x_wconf 89' lang='lat' dir='ltr'>ut</span> <span class='ocrx_word' id='word_1_303' title='bbox 685 4082 771 4141; x_wconf 70' lang='lat' dir='ltr'>fuet</span> <span class='ocrx_word' id='word_1_304' title='bbox 793 4084 822 4140; x_wconf 93' lang='lat' dir='ltr'>in</span> <span class='ocrx_word' id='word_1_305' title='bbox 846 4084 923 4160; x_wconf 80' lang='lat' dir='ltr'>eleg.</span> <span class='ocrx_word' id='word_1_306' title='bbox 947 4083 981 4143; x_wconf 90' lang='lat' dir='ltr'>L.</span> <span class='ocrx_word' id='word_1_307' title='bbox 1006 4084 1158 4160; x_wconf 74' lang='lat' dir='ltr'>Scipionis</span> <span class='ocrx_word' id='word_1_308' title='bbox 1188 4121 1224 4129; x_wconf 86' lang='lat'>—</span> <span class='ocrx_word' id='word_1_309' title='bbox 1254 4081 1405 4146; x_wconf 67' lang='lat' dir='ltr'>stultod=</span> 
     </span>
     <span class='ocr_line' id='line_1_37' title="bbox 239 4169 1405 4250; baseline 0.003 -22"><span class='ocrx_word' id='word_1_310' title='bbox 239 4171 335 4229; x_wconf 84' lang='lat' dir='ltr'>sistito</span> <span class='ocrx_word' id='word_1_311' title='bbox 354 4169 408 4243; x_wconf 84' lang='lat' dir='ltr'>(sic</span> <span class='ocrx_word' id='word_1_312' title='bbox 423 4170 633 4241; x_wconf 87' lang='lat' dir='ltr'>Buechelerus)</span> <span class='ocrx_word' id='word_1_313' title='bbox 649 4172 861 4246; x_wconf 85' lang='lat' dir='ltr'>paenultimam</span> <span class='ocrx_word' id='word_1_314' title='bbox 878 4173 1009 4250; x_wconf 78' lang='lat' dir='ltr'>corripit.</span> <span class='ocrx_word' id='word_1_315' title='bbox 1025 4178 1062 4232; x_wconf 93' lang='lat' dir='ltr'>ut</span> <span class='ocrx_word' id='word_1_316' title='bbox 1077 4173 1240 4250; x_wconf 88' lang='lat' dir='ltr'>(Iuppiter)</span> <span class='ocrx_word' id='word_1_317' title='bbox 1258 4171 1405 4244; x_wconf 63' lang='lat' dir='ltr'>Staitom</span> 
     </span>
     <span class='ocr_line' id='line_1_38' title="bbox 239 4254 1396 4338; baseline 0.005 -20"><span class='ocrx_word' id='word_1_318' title='bbox 239 4259 336 4319; x_wconf 90' lang='lat' dir='ltr'>dictus</span> <span class='ocrx_word' id='word_1_319' title='bbox 371 4254 456 4335; x_wconf 78' lang='lat' dir='ltr'>quasi</span> <span class='ocrx_word' id='word_1_320' title='bbox 492 4261 542 4334; x_wconf 92' lang='lat' dir='ltr'>qui</span> <span class='ocrx_word' id='word_1_321' title='bbox 576 4260 662 4319; x_wconf 90' lang='lat' dir='ltr'>sistat</span> <span class='ocrx_word' id='word_1_322' title='bbox 695 4260 799 4338; x_wconf 82' lang='lat' dir='ltr'>fugam</span> <span class='ocrx_word' id='word_1_323' title='bbox 825 4263 875 4320; x_wconf 91' lang='lat' dir='ltr'>uel</span> <span class='ocrx_word' id='word_1_324' title='bbox 898 4264 949 4338; x_wconf 90' lang='lat' dir='ltr'>qui</span> <span class='ocrx_word' id='word_1_325' title='bbox 972 4262 1059 4322; x_wconf 90' lang='lat' dir='ltr'>sistat</span> <span class='ocrx_word' id='word_1_326' title='bbox 1080 4282 1153 4322; x_wconf 85' lang='lat' dir='ltr'>rem.</span> <span class='ocrx_word' id='word_1_327' title='bbox 1183 4299 1219 4310; x_wconf 91' lang='lat'><em>-</em></span> <span class='ocrx_word' id='word_1_328' title='bbox 1249 4258 1396 4326; x_wconf 66' lang='lat' dir='ltr'>duenom</span> 
     </span>
    </p>
   </div>
   <div class='ocr_carea' id='block_1_6' title="bbox 0 0 1460 4778">
    <p class='ocr_par' dir='ltr' id='par_1_8' title="bbox 0 0 1460 4778">
     <span class='ocr_line' id='line_1_39' title="bbox 0 0 1460 4778; baseline 0 0"><span class='ocrx_word' id='word_1_329' title='bbox 0 0 1460 4778; x_wconf 95' lang='lat' dir='ltr'> </span> 
     </span>
    </p>
   </div>
  </div>
 </body>
</html>
