2934 4778
698 888 747 980 II.

591 1087 856 1169 SORTES.

352 1311 503 1386 Mauors
531 1312 650 1384 telum
681 1336 788 1383 suom
817 1309 997 1384 concutit.

250 1657 282 1722 1.
329 1661 466 1720 Liuius
490 1661 576 1719 XXII
602 1661 630 1718 1.
655 1664 670 1727 ,ξ
695 1661 723 1717 8.
774 1660 955 1735 ”Augeborit
977 1665 1089 1717 metum
1115 1660 1244 1736 prodigis
1263 1676 1285 1716 ei·

144 1751 280 1827 pluribus
315 1751 402 1809 simul
437 1751 508 1809 Iocis
545 1749 681 1808 nuntiato
773 1779 811 1786 --
838 1750 853 1818 ξ
882 1748 929 1805 11.
955 1752 984 1805 et
1007 1747 1179 1807 Faleriis
1207 1783 1236 1791 —
1261 1776 1286 1786 -

143 1845 268 1899 sortes
303 1858 357 1898 sue
391 1845 495 1914 sponte
531 1843 711 1908 attenuatas
747 1856 896 1914 unmnque
924 1836 1063 1895 excidisse
1087 1837 1130 1895 ita
1154 1839 1289 1914 scriptam:

144 1929 308 1987 ’Mauors
332 1930 452 1986 telum
476 1948 582 1986 suum
600 1927 815 1985 eo1icutit''’
833 1922 877 1999 (o.
894 1942 926 1983 rr.
943 1943 967 1983 c.
985 1919 1216 2002 DXXXVH).
1246 1945 1294 1984 soe

143 2023 186 2075 tes
222 2021 391 2076 attenuatos
418 2036 568 2092 unumque
592 2036 645 2075 sua
668 2022 772 2091 sponte
796 2016 934 2074 excidisse
959 2009 1186 2074 Fleckeiseuus.
1229 2013 1290 2073 Liuii

144 2110 248 2165 auctor
271 2125 333 2164 rem
356 2107 510 2164 inuenerat
534 2106 562 2163 in
587 2106 706 2163 annaIes
729 2104 899 2180 pontificum
925 2106 1059 2173 relatam,
1086 2105 1121 2162 de
1145 2125 1205 2180 qua
1223 2122 1251 2162 ro
1265 2104 1291 2161 ci.

142 2194 210 2255 Liu.
235 2195 334 2253 XLIII
362 2197 409 2253 13.
430 2194 445 2252 1
464 2200 493 2252 et
508 2215 539 2252 u.
557 2194 630 2270 disp.
648 2195 821 2252 Mommseui
837 2193 965 2270 perioch.
983 2212 1041 2251 reo.
1059 2192 1133 2251 iahn
1150 2214 1179 2269 p.
1196 2193 1304 2252 XVIII·

144 2286 224 2359 quod
259 2289 357 2343 autem
392 2285 463 2342 Imec
489 2284 576 2342 sortis
600 2283 751 2358 inscriptio
775 2302 833 2339 non
858 2283 942 2341 facile
966 2301 1000 2340 ex
1024 2301 1058 2341 eo
1082 2302 1189 2359 genere
1212 2281 1299 2359 potuit

144 2393 205 2431 esse
239 2374 440 2449 prodigiorum
476 2374 555 2448 quod
586 2373 616 2430 in
640 2390 737 2431 errore
761 2372 915 2431 oculorum
939 2376 992 2429 cut
1015 2371 1131 2428 aurium
1157 2370 1295 2431 constabat

145 2493 186 2501 -
223 2482 298 2538 quoe
333 2463 510 2521 Plutarchus
546 2462 617 2519 Feb.
653 2481 678 2519 c.
704 2463 744 2518 2..
769 2463 847 2517 fama
871 2461 933 2517 eius
957 2460 998 2518 rei
1022 2445 1161 2518 uanitate
1181 2459 1295 2519 auctoris

145 2556 295 2628 corrupta,
319 2558 349 2609 et
372 2553 464 2610 Iulius
488 2551 659 2626 Obsequens
683 2570 707 2608 c.
733 2550 771 2607 :u
798 2570 826 2624 p.
855 2549 893 2605 19
919 2541 1010 2609 Orici..
1035 2548 1114 2606 Liuii
1138 2549 1228 2625 ipsius
1242 2568 1293 2607 uer·

145 2642 190 2700 bis
225 2642 403 2716 deprauatis.
439 2645 563 2698 uerrunt
586 2659 640 2716 pro
664 2640 754 2696 nihilo
777 2643 847 2696 sunt
871 2639 1003 2695 habenda
1033 2672 1066 2680 ·-
1096 2657 1161 2695 earn
1184 2639 1221 2697 ob
1243 2656 1297 2696 cur·

146 2750 207 2787 sem
243 2730 476 2787 existimmmdum
510 2733 554 2786 est
578 2733 630 2786 out
654 2728 742 2786 fuisse
766 2747 831 2785 eam
854 2732 963 2785 sortem
988 2731 1041 2784 aut
1064 2746 1127 2784 rem
1152 2727 1298 2785 deliberato

147 2819 297 2876 rirendocio
320 2818 418 2876 fictam
443 2837 513 2876 esse.
561 2819 616 2876 hoc
639 2828 738 2874 tomen
762 2836 821 2874 non
844 2816 915 2873 satis
932 2815 995 2872 ueri
1012 2815 1105 2872 simiie
1122 2821 1168 2874 est
1183 2818 1219 2874 ut
1234 2816 1296 2892 quis·

147 2928 236 2982 quum
270 2908 361 2964 uellet
391 2910 526 2965 serratum
550 2907 769 2982 pontificesque,
795 2906 884 2963 inuno
909 2905 976 2961 deos
1001 2905 1183 2963 immortales
1207 2904 1297 2963 delibe-

147 3002 212 3054 rato
235 2995 387 3054 mendacio
410 2996 521 3053 ludere.
546 2995 718 3071 praesertim
742 3013 776 3052 eo
800 2998 932 3069 tompore
956 3011 1021 3051 cum
1047 2993 1137 3050 animi
1162 2995 1297 3052 bominum

147 3086 230 3143 malis
255 3084 352 3142 afflicti
376 3085 461 3158 graui
486 3084 626 3159 religione
649 3085 863 3159 premerentur.
911 3082 1069 3140 secedebat
1092 3083 1173 3157 quod
1196 3102 1247 3142 nec
1267 3087 1297 3138 tr·

147 3193 224 3232 mere
258 3193 310 3231 neo
333 3174 456 3250 singulis
480 3182 532 3231 aut
555 3173 670 3230 leuibus
694 3171 866 3230 auctoribus
890 3190 923 3228 eu
946 3171 1017 3229 fides
1041 3172 1209 3230 habebatur
1231 3192 1247 3229 a
1267 3187 1296 3228 se·

148 3270 220 3320 natu
247 3263 510 3338 pontificibusque:
536 3264 572 3320 cf.
598 3261 700 3319 Liuius
727 3261 750 3315 t'
778 3261 827 3318 15.
855 3262 869 3318 1
897 3268 927 3318 et
950 3259 1038 3318 XXII
1065 3260 1091 3318 1,
1119 3260 1160 3318 14
1183 3264 1213 3320 ct
1235 3261 1297 3318 Mar-

148 3353 256 3427 quardt
291 3346 359 3410 ΙΙΙ2
385 3356 457 3411 259.
504 3351 608 3426 quodsi
631 3352 702 3408 hoec
729 3369 792 3408 sors
815 3350 883 3408 ficta
907 3355 951 3407 est
976 3349 1137 3419 mendacio
1161 3351 1185 3409 is
1208 3345 1295 3427 quiid

148 3445 276 3499 strueret
311 3442 493 3499 mendacium
529 3441 619 3497 telem
654 3439 847 3497 ementiretur
877 3430 985 3496 sorten'r
1011 3457 1126 3496 necesse
1150 3444 1213 3497 erat
1235 3453 1295 3514 quae

148 3529 226 3587 ueris
261 3549 350 3604 quam
380 3528 527 3588 simillimo
558 3533 632 3586 esset
656 3531 760 3596 formu
787 3528 867 3602 quod
890 3529 944 3586 nisi
968 3528 1083 3585 fecisset
1106 3528 1214 3593 cinon
1236 3528 1296 3585 esset

150 3618 303 3675 creditum.
350 3638 407 3676 non
431 3618 523 3693 igitur
547 3617 682 3674 dubitaui
705 3618 780 3674 hano
804 3621 912 3675 sortem
937 3618 1031 3685 edere,
1056 3616 1081 3674 si
1103 3636 1176 3675 uera
1200 3620 1241 3674 est
1254 3629 1294 3690 pro
1331 3654 1334 3661 -

149 3725 230 3774 uera,
255 3706 298 3764 siri
322 3708 405 3775 falsu,
430 3726 483 3780 pro
507 3706 639 3780 exemplo
664 3707 701 3764 cd
723 3726 863 3764 uersrum
888 3707 1011 3763 formum
1036 3705 1143 3764 efficto.
1190 3707 1241 3765 hoo
1260 3702 1293 3760 dc·

149 3797 237 3871 nique
261 3814 365 3852 moneo
389 3794 506 3852 Liuium
531 3813 588 3853 non
613 3795 708 3852 dicero
733 3796 813 3870 quod
836 3796 878 3852 ita
902 3802 976 3852 esset
1000 3794 1142 3869 inscripta
1158 3795 1187 3853 id
1202 3795 1229 3853 in
1245 3807 1298 3869 pro·-

150 3886 262 3962 digium
289 3903 419 3953 uersum,
443 3884 493 3942 sed
518 3885 597 3959 quod
621 3885 698 3942 inter
721 3885 830 3942 multus
854 3888 947 3942 sortes
971 3902 1004 3940 eu
1028 3883 1295 3958 potissimumque

150 3975 193 4032 ita
218 3977 293 4032 esset
317 3973 457 4050 inscripto
481 3973 507 4030 in
532 3973 586 4031 tali
609 3978 742 4049 tempore
766 3973 927 4032 excidisset.
966 3977 1117 4047 postremo
1133 3973 1296 4032 animaduer-

149 4064 272 4121 tendum
306 4063 426 4121 Ltuium
460 4064 508 4120 uel
543 4063 642 4138 potius
677 4063 739 4120 eius
768 4066 928 4123 auctorem.
953 4080 1018 4120 cum
1043 4080 1078 4118 eo
1102 4064 1198 4122 solum
1220 4058 1296 4119 uerbo

150 4171 226 4229 (puae
249 4152 279 4210 in
302 4153 469 4229 prodigium
494 4157 590 4210 essent
612 4171 699 4210 uerso
723 4152 879 4210 memoriae
902 4150 1049 4225 proderet.
1076 4151 1202 4211 alterum
1223 4144 1303 4209 uersi

150 4242 249 4300 culum
273 4242 359 4301 sortis
383 4243 444 4301 eius
467 4241 607 4300 omisisse.
