2910 4778
547 310 720 376 11111115
740 317 763 364 5.
783 283 785 287 ’
1150 320 1241 366 cxrn

67 493 212 558 Lucilius
236 514 329 558 uoces
353 493 506 556 iambicas
530 514 594 556 non
617 492 684 555 fere
709 491 812 575 magis
836 512 931 574 quam
955 494 1067 573 poetae
1084 492 1240 573 posterio-

66 633 117 674 res
154 610 297 693 corripit,
333 631 391 692 per·
425 609 583 693 synizesin
607 612 713 672 autem
737 607 815 670 dicit
838 628 909 669 curn
933 606 996 670 alia
1018 611 1088 671 tum
1110 607 1149 670 fr.
1175 609 1239 671 254

67 723 229 790 B=IX.
254 728 273 790 5
297 725 347 788 M.
396 722 486 788 ”Hoc
516 724 669 788 faciemus
697 727 729 786 et
751 745 814 786 uno
837 693 1073 807 iddemque,
1098 728 1133 787 ut
1156 723 1240 786 dixi·
1303 811 1305 815 Ι

65 865 148 920 mua,
173 839 300 924 pact0''.
348 847 474 904 diximus
490 840 611 920 Densa,
628 845 752 903 dicimus
768 840 853 902 codd.
871 839 986 903 Scauri
1004 841 1046 903 18
1061 839 1107 905 K.
1146 841 1239 904 item-

64 981 128 1043 que
165 960 231 1022 410
268 956 423 1021 B=XX
448 958 489 1021 13
513 955 558 1018 M
577 953 801 1038 ”Tempestate
826 978 883 1019 sua
906 959 1002 1039 atque
1026 925 1150 1021 &idem
1178 979 1241 1020 uno

63 1079 213 1157 tempore
238 1077 270 1137 et
293 1073 424 1136 horae”.
470 1093 528 1135 nec
553 1072 663 1136 dubito
686 1072 763 1155 quin
787 1072 855 1154 ipse
879 1072 1007 1155 quidem
1032 1073 1149 1136 dixerit
1172 1096 1240 1137 mo-

62 1190 270 1274 nosyllabum
293 1210 375 1251 meo
398 1189 430 1251 in
454 1187 516 1250 hoc
540 1209 633 1251 uersu
650 1209 744 1271 quem
761 1210 779 1250 a
794 1189 963 1271 tragoedia
978 1189 1116 1272 quadam
1132 1212 1240 1273 sump-

61 1310 155 1370 serat
179 1307 243 1369 478
268 1304 302 1366 B
316 1301 480 1368 :XXVI
505 1306 545 1367 52
571 1304 606 1366 M
631 1301 815 1378 ''Quaenam
839 1326 900 1366 uox
925 1326 964 1367 ex
987 1308 1073 1369 tecto
1090 1327 1240 1369 resonans

60 1425 152 1486 med
176 1422 278 1506 gradu
302 1442 460 1483 remoram
484 1420 603 1498 faciti,
624 1443 658 1482 ex
675 1429 756 1483 tecto
772 1418 950 1503 Berplrius:
966 1446 1000 1483 ex
1017 1431 1046 1485 te
1063 1421 1136 1484 libri
1152 1397 1245 1484 Pau-⁸

60 1539 127 1602 lini
166 1539 233 1600 276
266 1536 311 1600 M.
370 1539 464 1618 atque
508 1535 605 1598 etiam
640 1534 808 1599 Lucretius
851 1508 981 1599 eodem
1013 1508 1161 1601 eaedem
1195 1538 1241 1600 ita

61 1653 187 1718 dixisse
211 1653 238 1715 si
263 1652 363 1715 altera
387 1651 506 1715 uocalis
529 1652 758 1733 produceretur
774 1655 999 1716 commemorat
1016 1652 1240 1716 Laclrmanrrus

60 1793 96 1854 p.
126 1771 200 1833 192.
248 1768 311 1831 alia
336 1768 428 1830 affert
452 1767 529 1831 Luc.
554 1768 690 1831 Mueller
714 1768 751 1830 de
775 1790 810 1831 re
834 1790 875 1831 ni.
900 1790 930 1850 p.
957 1769 1032 1833 272.

176 1884 222 1948 At
245 1885 394 1967 quoniam
418 1883 510 1947 uideo
534 1887 644 1966 poetas
672 1883 787 1946 latinos
811 1906 865 1946 eos
889 1884 943 1967 qui
967 1884 1142 1948 floruerunt
1166 1888 1240 1948 ante

62 2002 208 2066 medium
232 2000 393 2064 sacculum
416 2000 586 2082 septimum
611 1999 644 2061 in
664 1999 760 2082 duplo
776 2000 903 2082 quidem
922 2021 1039 2083 genere
1056 2000 1241 2084 frequenter

61 2139 164 2181 uoces
188 2117 340 2180 iambicos
365 2115 565 2199 corripuisse,
589 2114 622 2177 in
645 2114 771 2180 illorum
795 2119 961 2197 poetarum
979 2117 1124 2180 uersibus
1140 2117 1240 2180 multa

63 2237 143 2298 sunt
178 2255 259 2316 quae
290 2236 397 2296 utrum
420 2253 479 2316 per
502 2231 750 2295 contractionem
774 2232 1009 2314 pronuntianda
1033 2233 1096 2294 siut
1120 2255 1159 2294 arr
1183 2255 1241 2315 per
1315 2250 1317 2255 ’

64 2351 300 2433 correptionem
325 2371 375 2411 me
400 2349 550 2433 ignorare
576 2347 736 2429 profitear.
783 2350 818 2409 ut
841 2347 874 2409 in
898 2349 1034 2411 secundo
1058 2370 1151 2410 uersu
1173 2349 1241 2430 epi-

64 2467 256 2552 grammatis
281 2464 485 2542 Amiternini,
509 2463 593 2548 quod
617 2457 770 2545 scriptum
795 2485 862 2526 esse
885 2463 1011 2527 uidetur
1027 2464 1093 2526 fere
1110 2464 1240 2527 ineunte

65 2581 196 2646 saeculo
219 2582 354 2664 septimo
378 2580 430 2643 uel
454 2583 528 2643 ante
545 2583 690 2662 tempora
706 2577 904 2658 Gracchana,
922 2577 989 2642 CIL
1006 2576 1022 2641 I
1041 2579 1123 2642 1297
1140 2607 1180 2631 =
1194 2575 1240 2640 IX

65 2699 157 2762 4463
183 2697 370 2781 ’'plouruma
394 2718 455 2780 que
479 2696 557 2759 fecit
579 2695 696 2778 populo
720 2696 853 2759 soveis
881 2695 1000 2780 gaudia
1022 2696 1158 2778 nuges'',
1182 2694 1240 2757 du·

66 2833 136 2898 bito
152 2835 258 2894 utrum
276 2831 379 2894 dicam
395 2852 453 2913 per·
468 2830 626 2913 synizesin
649 2785 786 2893 aducis
810 2829 830 2891 i.
856 2851 882 2893 e.
907 2837 993 2892 svis
1011 2829 1046 2910 ¹),
1069 2850 1109 2891 an
1127 2827 1240 2905 dicam,

66 2948 244 3030 corripiens
278 2947 435 3023 ultimam,
470 2946 568 3009 sduis.
615 2945 675 3008 hoc
711 2949 797 3008 certe
831 2945 934 3027 magis
969 2965 1040 3007 omn
1068 2943 1240 3025 scriptione

66 3063 230 3128 conuenit.
276 3084 379 3144 neque
416 3062 499 3124 enim
534 3062 604 3125 ideo
628 3062 731 3124 minus
754 3061 858 3143 potuit
880 3060 992 3123 ultima
1017 3059 1134 3141 corripi
1158 3059 1241 3141 quod

65 3203 125 3264 per
161 3178 206 3242 ΕΙ
237 3179 356 3261 scripta
380 3182 436 3241 est.
484 3178 568 3260 quod
591 3177 745 3260 exemplis
770 3176 894 3240 ostendi
917 3177 950 3239 in
974 3175 1177 3239 adnotatione
1201 3175 1241 3237 ad

66 3295 182 3362 Dedic.
206 3297 238 3358 4.
263 3297 293 3358 5.
318 3298 353 3357 ut

65 3410 136 3477 CIL
162 3409 177 3474 I
203 3411 254 3476 38.
280 3411 298 3474 5
389 3410 549 3474 Maiorum
579 3411 708 3493 optenui
738 3409 865 3472 laudem
895 3411 930 3470 ut
960 3379 1067 3471 sib&
1098 3430 1147 3471 me
1173 3429 1240 3470 esse

922 3527 1063 3587 creatum

97 3697 110 3725 ,
161 3641 319 3706 1542.1
391 3643 439 3705 De
480 3642 613 3705 decuma
651 3640 764 3705 Victor
802 3609 908 3704 tibei
946 3639 1063 3702 Lucius
1102 3637 1241 3701 Muurius

922 3756 1038 3819 donum

1136 3914 1242 3922 .-.-———

94 4082 133 4104 Α
182 3993 207 4075 ¹)
231 3997 278 4056 Ita
312 3999 381 4056 uult
416 3997 592 4054 Ritschelius
628 3995 683 4070 Op.
718 3997 761 4054 IV
799 3995 870 4066 160,
907 3999 937 4054 et
973 3995 1046 4064 109,
1071 3994 1175 4066 itaque
1186 3993 1241 4094 est

62 4115 151 4175 mieis
187 4114 217 4172 in
252 4113 402 4188 epitaphio
433 4112 485 4170 On.
518 4111 660 4186 Scipionis
696 4117 726 4169 et
759 4114 848 4170 semel
872 4113 952 4187 apud
975 4110 1125 4177 Senecam,
1150 4106 1242 4164 meis

62 4207 94 4265 in
134 4203 259 4262 Troasin
294 4223 324 4260 u.
364 4202 435 4270 191,
472 4221 545 4276 quos
575 4202 654 4258 locos
690 4200 776 4258 affert
810 4200 882 4259 Luc.
918 4200 1043 4258 Mueller
1079 4199 1113 4255 de
1148 4217 1173 4254 r.
1200 4217 1241 4254 111.

65 4297 144 4361 255,
170 4293 219 4350 tis
243 4292 325 4349 tituli
350 4291 502 4349 cuiusdam
527 4309 543 4347 a
568 4289 727 4348 Ritschelio
751 4290 771 4348 l.
796 4309 820 4349 c.
844 4291 982 4347 relatum.
