2910 4778
566 302 636 348 cAP.
655 302 725 349 VHI.
1063 260 1072 279 l
1086 302 1233 350 CLXXXIX

56 467 119 536 Ἐκ
143 475 293 556 γεὺματος
316 475 470 552 γιγνώσκω
494 499 507 538 s
528 496 561 559 γι.
587 476 629 539 47
654 472 749 539 (lolia.
775 481 794 538 d
816 481 859 539 IV
885 482 936 539 92.
984 480 1066 539 Suid.

58 587 203 651 Ἕπεοθε
228 591 317 675 μητρὶ
340 598 440 674 χοῖροι
462 597 552 655 schol.
586 597 623 653 ad
640 598 692 654 Ar.
709 596 790 655 Plnt.
809 598 884 655 314.
917 596 999 657 Suid.
1016 598 1095 657 coisl.
1115 598 1177 655 206
1197 593 1232 674 ¹).

60 699 188 767 Εὔδοντι
211 707 320 788 κὶιρτος
344 702 424 787 αἱρεῖ
445 713 464 770 b
490 713 554 771 429
579 712 596 770 d
620 711 663 769 IV
688 713 729 769 65
754 712 835 771 Suid.
861 712 942 772 coisl.
969 713 1030 771 218
1049 713 1118 772 Hes.
1138 714 1232 772 1496.

169 821 413 903 άρΝ8ἢ

57 933 163 1015 Ἔγνω
187 936 220 998 δὲ
243 938 306 1022 θὴρ
330 938 416 1022 θῆρα
438 944 614 1003 Aristoteles
637 923 714 1002 ihet.
738 965 767 1020 p.
795 944 877 1003 1371
904 937 975 1015 b3).

60 1049 167 1137 ’Μηδὲν
191 1055 270 1114 κατὰ
294 1055 364 1135 βοὸς
389 1050 458 1137 εὔξῃ
481 1062 500 1120 b
526 1062 589 1120 660
614 1063 632 1120 d
655 1061 699 1119 VI
724 1064 763 1119 55
790 1055 825 1119 d²
849 1061 896 1119 IlI
920 1062 961 1118 24
976 1054 1012 1132 4).

58 1165 214 1252 *Νέμεσις
238 1171 320 1251 παρὰ
343 1169 422 1232 πόδα
446 1171 542 1251 βαίνει
563 1178 583 1236 b
609 1177 670 1237 688
697 1178 716 1236 d
739 1176 782 1235 VI
806 1177 847 1234 80
873 1170 1008 1252 86165).

10 1306 11 1311 “
57 1283 182 1352 *Λυδὸς
205 1285 304 1366 θορὰν
329 1283 456 1368 ἔκλεψεν
478 1313 499 1368 p
522 1293 565 1349 IV
591 1293 630 1349 98
655 1293 674 1351 b
700 1293 761 1351 611
787 1293 914 1368 Hesyoh.
962 1289 1012 1370 rhu
1029 1286 1062 1346 8.
1074 1286 1126 1369 ph.
1145 1283 1234 1346 ἐ’κλε-

169 1404 221 1484 ψεν
256 1404 378 1486 scripsi,
414 1408 523 1466 dicitur
558 1408 634 1465 enim
671 1398 719 1463 ἐπὶ
755 1410 809 1464 τῶν
834 1401 1069 1485 μωροκλεπτῶνε
1096 1398 1233 1462 ἔκλεισεν

170 1517 253 1582 libri.

176 1779 200 1854 ι)
224 1783 358 1858 Usurpat
384 1784 598 1859 Aristophanes
626 1783 706 1842 Plut.
732 1784 805 1842 315.
853 1782 950 1841 Schol.
987 1783 1024 1840 ad
1048 1783 1078 1840 h.
1102 1784 1123 1840 l.
1149 1783 1234 1837 τοῦτο

55 1864 95 1927 δὲ
131 1865 335 1949 παροιμιῶδες
370 1863 444 1928 εἶναὶ
476 1887 574 1953 φασιν·
600 1862 628 1929 οἱ
651 1868 708 1948 γὰρ
732 1865 839 1936 παῖδες
862 1874 947 1927 τοῦτο
971 1861 1101 1927 εἰώθασι
1125 1861 1233 1942 λέγειν,

54 1953 207 2017 ἕπεσθε
241 1956 355 2040 μητρὶ
396 1964 537 2039 χοῖροι·
573 1958 774 2041 παροιμιακὸν
810 1950 859 2016 οὖν
896 1952 967 2028 ἐστὶ,
1006 1956 1059 2016 καὶ
1095 1951 1143 2016 ἐπὶ
1178 1962 1234 2015 τῶν

55 2042 248 2106 ἁπαιδεὺτων
273 2046 347 2128 φασὶ
370 2045 528 2123 λέγεσθαι.

174 2133 200 2214 2)
225 2138 337 2197 Cratini
370 2143 467 2198 aetate
490 2141 521 2199 id
543 2141 737 2216 prouerbium
760 2159 818 2198 usu
841 2139 947 2197 tritum
964 2157 1025 2196 esse
1048 2138 1234 2214 intellegitur

54 2249 97 2286 ex
122 2248 157 2287 eo
181 2229 262 2303 quod
285 2229 315 2284 in
339 2228 504 2288 Bodleiano
527 2234 668 2288 narratur
692 2249 760 2287 eum
782 2229 813 2287 id
836 2229 866 2286 in
882 2229 1041 2286 ridiculum
1058 2246 1234 2285 conuersum

56 2318 103 2377 ita
140 2317 260 2375 dixisse:
297 2306 421 2372 Εὕδοντι
457 2314 594 2393 πρωκτὸς
629 2307 717 2394 αἱρεῖ.
764 2322 794 2376 et
827 2317 858 2374 in
894 2318 1082 2375 Timotheum
1108 2315 1233 2374 Cononis

57 2407 155 2465 filium
192 2406 385 2481 prouerbium
419 2407 493 2465 illud
528 2409 686 2483 uulgatum
721 2425 880 2482 usurpasse
903 2406 1036 2464 inimicos
1061 2407 1234 2463 auctorest

59 2495 252 2565 Plutarchus,
289 2496 372 2554 cuius
408 2497 487 2554 locos
523 2496 679 2571 adscripsit
701 2496 842 2554 Erasmus
870 2495 951 2552 1582
977 2494 1127 2569 ceterique
1156 2494 1233 2551 dein-

54 2603 130 2660 ceps
155 2585 292 2642 editores.

172 2667 200 2743 3)
224 2673 281 2730 Per
304 2673 449 2742 catalexin
473 2674 642 2733 interiorem
666 2675 755 2732 etiam
778 2673 868 2732 tertia
891 2673 981 2732 thesis
1004 2691 1163 2748 suppressa
1179 2676 1232 2730 est.

171 2756 197 2833 4)
222 2751 274 2840 Μὴ
309 2759 406 2818 πάντα
440 2759 520 2818 κατὰ
555 2758 626 2838 βοὸς
657 2754 733 2828 ἕξεις
757 2757 895 2837 Suidos;
919 2755 1011 2839 μηδὲν
1034 2775 1063 2816 κ.
1090 2755 1117 2835 β.
1144 2750 1234 2837 εὔχου

59 2845 230 2909 Erasmus.
258 2882 297 2890 —-
321 2852 365 2910 De
390 2853 488 2910 soluta
512 2853 571 2911 arsi
593 2853 624 2909 in
647 2853 697 2910 illo
720 2847 801 2907 κατὰ
826 2846 896 2926 βοός
918 2871 949 2910 u.
975 2850 1095 2909 Christii
1117 2843 1234 2911 metr.²

56 2941 76 3010 ξ
105 2940 145 2998 74
171 2941 238 2997 adn.
266 2942 294 2997 2.

170 3027 200 3086 si
223 3029 342 3087 licentia
378 3030 422 3088 his
456 3030 593 3088 uersibus
627 3029 824 3105 popularibus
859 3048 996 3088 concessa
1031 3031 1084 3098 est,
1120 3030 1156 3085 ut
1179 3031 1232 3090 est.

58 3118 157 3177 maior
181 3138 271 3193 quam
295 3119 526 3194 elegantioribus
550 3121 715 3194 poetarum,
740 3137 776 3176 ne
800 3119 829 3176 in
853 3120 908 3177 hoc
932 3118 1050 3193 quidem
1073 3117 1234 3193 prouerbio

56 3209 187 3267 similem
222 3208 370 3283 quendam
405 3208 579 3283 rhythmum
603 3226 761 3284 agnoscere
786 3208 905 3266 dubito:
931 3197 1095 3284 Ξογγνώμη
1119 3218 1235 3280 πρωτο-

58 3293 155 3372 πείρῳ
180 3296 198 3354 d
221 3297 265 3355 VI
289 3298 329 3355 93
355 3296 437 3356 Suid.
477 3297 589 3356 Similia
612 3296 776 3356 MeinekIus
800 3297 844 3355 cd.
871 3295 994 3354 Theocr.
1019 3317 1048 3372 p.
1075 3294 1138 3353 467
1164 3313 1208 3369 sq.

170 3386 251 3444 Illud
274 3389 375 3444 autem
398 3377 422 3441 Γ
425 3384 526 3462 ἐρανοι
550 3379 667 3449 λὶθοος-
682 3384 831 3467 φέρουσιν·
858 3377 928 3440 ”ἐπὶ
951 3388 1007 3439 τῶν
1031 3385 1235 3461 προνοητικῶς

59 3491 88 3531 τι
123 3470 283 3531 aaronitas
319 3475 401 3533 Snid.
438 3476 518 3535 coisl.
556 3475 594 3533 73
627 3477 678 3533 uix
702 3474 876 3534 crediderim
898 3494 1005 3532 uerum
1029 3493 1090 3532 esse
1114 3491 1234 3548 prouer-

54 3556 147 3631 'oium
170 3569 200 3622 et
215 3583 282 3635 ¹uon
304 3565 407 3622 fiotum
431 3585 466 3623 ex
489 3565 578 3624 schol.
604 3565 696 3624 Arist.
722 3585 770 3622 au.
797 3565 880 3622 1136
906 3557 1004 3638 (1137
1032 3556 1104 3636 Bi.)

171 3643 222 3707 Ἐν
258 3642 343 3728 Καρὶ
377 3649 426 3708 τὸν
461 3647 595 3709 κίνδυνον
623 3651 698 3730 (soil.
735 3644 904 3728 ἀναλαβού)
939 3673 958 3729 p
989 3651 1036 3709 ΙΙΙ
1061 3653 1101 3709 59
1126 3651 1144 3708 b
1169 3650 1232 3707 356

59 3742 203 3802 Cratinus
226 3742 264 3799 fr.
292 3741 330 3800 16
355 3736 395 3800 Κ
416 3748 447 3801 et
468 3742 601 3803 Philemo
626 3745 662 3802 fr.
690 3744 728 3801 18
754 3737 789 3800 K
809 3745 914 3800 utrum
936 3742 979 3800 ita
1001 3740 1183 3817 protulerint
1197 3743 1234 3796 ut

54 3833 156 3908 uulgo
192 3830 348 3889 ferebatur·
381 3832 458 3890 inter
493 3851 641 3891 sermones
676 3832 828 3892 hominurn
852 3851 890 3888 an
913 3831 1027 3907 aliquid
1049 3827 1233 3887 mutauerini

56 3922 178 3998 ignoro.
226 3921 304 3978 certo
339 3921 424 3978 aliter
459 3922 523 3980 ood.
560 3921 623 3979 Pal.
659 3922 674 3980 I
702 3921 742 3978 20
767 3926 797 3979 et
821 3920 906 3979 Plato
930 3919 1020 3978 Lech.
1049 3917 1108 3976 187
1133 3919 1152 3976 b
1177 3907 1233 3971 Ἐν

57 4012 102 4085 τῷ
127 3998 212 4084 Καρὶ
235 3999 251 4064 ὁ
274 3999 411 4072 atrocior
434 4012 463 4068 et
485 4010 618 4086 Euthyd.
637 4011 698 4068 285
724 4029 739 4068 o
763 4001 814 4064 Ἔν
839 4000 923 4084 Καρὶ
946 3999 962 4064 ὁ
985 4022 1014 4063 κ.
1040 4002 1136 4083 (aliud
1159 4006 1234 4063 illud

57 4100 74 4159 I
112 4097 176 4156 378
211 4094 242 4154 ὲν
271 4094 367 4175 καρὸς
390 4090 486 4175 αἴσῃ).
532 4104 685 4175 praeterea
708 4119 739 4157 u.
763 4099 809 4157 ad.
835 4097 917 4158 Gott.
942 4097 957 4155 I
983 4097 1114 4175 iduadn.
1141 4095 1181 4153 59
1205 4099 1236 4153 et

55 4188 195 4248 Kookius
219 4207 294 4247 com.
319 4192 374 4247 att.
398 4189 436 4246 l‘r.
460 4189 474 4246 I
497 4208 527 4263 p.
554 4189 592 4246 17
618 4192 649 4246 et
671 4209 710 4246 m.
736 4189 780 4246 rh.
804 4187 905 4246 XLIII
930 4188 982 4245 34.

174 4271 199 4348 5)
223 4266 302 4332 πόδα
325 4273 455 4355 scripsi:
477 4269 573 4340 πόδας
596 4272 679 4335 libri.
719 4267 721 4270 ’
