2910 4778
207 305 287 351 XLIV
712 303 756 350 DE
776 304 868 350 THES.

315 475 410 540 Hunc
433 498 554 540 morem
577 476 697 560 priscos
720 476 891 559 scriptores
914 477 1055 541 scenicos
1071 499 1133 541 uon
1149 477 1294 542 imitatos
1312 499 1379 543 esse

209 613 373 676 graecum,
408 592 465 658 sed
499 613 642 656 seruasse
678 592 884 657 domesticum
908 594 941 656 et
967 593 1001 656 iu
1024 614 1142 678 magna
1164 593 1317 657 libertate
1342 594 1380 659 ad

141 743 144 749 ·
208 708 337 772 modum
371 708 529 791 quendam
564 710 757 787 reuocatum,
793 729 830 771 ex
864 706 1009 791 pluribus
1044 710 1139 773 rebus
1167 708 1379 794 intellegitur.

206 845 279 887 nam
304 824 442 906 primum
454 845 504 887 ea
525 823 674 887 libertate
698 823 819 887 solutae
842 822 942 887 thesis
966 846 1066 908 aeque
1082 824 1114 886 in
1131 823 1292 888 trochaeis
1309 827 1379 890 ute-

208 940 325 1003 bantur
348 937 484 1002 Romani
500 939 594 1022 atque
611 938 644 1002 in
660 938 785 1019 iambis,
803 937 927 1018 Graeci,
944 939 971 1002 si
988 962 1007 1002 a
1022 940 1132 1023 paucis
1150 940 1306 1024 exemplis
1324 963 1379 1005 no·

207 1055 328 1117 minum
345 1054 544 1137 propriorum
556 1054 747 1134 discesseris
760 1075 933 1137 numquam
945 1054 1012 1118 sere
1025 1056 1058 1118 in
1069 1054 1239 1119 trochaeis,
1264 1054 1380 1120 deinde

206 1169 240 1231 in
263 1170 482 1253 quaternarios
505 1170 696 1234 acatalectos
719 1169 871 1235 iambicos
887 1192 1071 1254 numquam,
1088 1171 1171 1254 quod
1187 1192 1380 1236 commemo·

206 1289 257 1347 rat
291 1283 447 1349 Christius
481 1284 602 1349 metr.2
638 1285 656 1368 ἓ
692 1287 766 1360 411,
804 1285 920 1350 diuisos
952 1288 1139 1369 anapaestos
1164 1285 1382 1351 adhibuerunt

206 1398 330 1479 Graeci,
365 1399 500 1466 Romani
534 1424 639 1485 saepe.
686 1404 753 1465 tum
790 1401 853 1465 alia
887 1402 1010 1465 ratione
1045 1402 1112 1465 eins
1147 1401 1194 1465 rei
1230 1403 1280 1466 usi
1306 1407 1382 1467 sunt

206 1515 353 1598 Romani,
377 1517 441 1582 alia
467 1517 590 1582 Graeci.
637 1540 711 1581 nam
734 1516 840 1580 thesin
863 1517 909 1580 ita
932 1517 1055 1582 soluere
1078 1520 1114 1581 ut
1137 1520 1298 1582 constaret
1324 1523 1380 1584 aut

206 1632 318 1715 primis
352 1634 440 1697 uocis
475 1615 606 1718 syllabis
633 1636 689 1696 aut
711 1631 929 1715 monosyllaba
951 1654 1028 1697 uoce
1053 1635 1085 1696 et
1107 1633 1266 1716 principio
1289 1633 1379 1698 inse·

206 1749 331 1831 quentis
348 1755 402 1812 aut
417 1749 522 1813 media
537 1771 614 1813 uoce
631 1750 687 1812 aut
704 1769 778 1812 uoce
796 1748 952 1831 disyllaba
969 1769 1135 1812 commuue
1148 1748 1210 1812 fuit
1221 1747 1381 1814 Romanis

206 1884 278 1928 eum
302 1862 431 1929 Graecis
449 1865 490 1951 ¹);
515 1865 570 1928 sed
593 1863 729 1928 Romani
753 1864 904 1928 nolebant
920 1863 987 1928 fere
1003 1863 1109 1928 thesin
1124 1865 1262 1928 solutam
1278 1865 1382 1930 iambi

205 1980 258 2043 uel
280 1980 423 2044 trochaei
445 1983 545 2045 totum
570 1983 624 2043 aut
647 1983 771 2063 partem
795 1980 863 2044 eius
887 1982 1031 2044 constare
1056 1980 1144 2045 exitu
1167 1980 1263 2058 uocis,
1288 1982 1377 2064 quod

206 2094 336 2160 Graecis
369 2096 402 2159 in
437 2095 552 2160 iambis
588 2132 628 2140 —
663 2118 737 2160 uam
760 2095 867 2159 thesin
890 2095 1032 2159 trochaei
1056 2097 1179 2160 soluere
1202 2118 1265 2160 nou
1289 2096 1381 2162 soliti

205 2217 279 2274 sunt
315 2248 355 2256 —
390 2211 494 2275 minus
530 2211 729 2295 displicebat.
777 2211 900 2275 accedit
934 2212 1019 2295 quod
1054 2211 1168 2276 Graeci
1203 2211 1322 2296 tragici
1346 2212 1382 2277 in

205 2327 351 2392 uersibus
387 2327 531 2392 iambicis
566 2349 625 2391 nec
660 2328 841 2411 anapaestis
876 2328 926 2391 usi
957 2330 1031 2392 sunt
1064 2327 1126 2391 nisi
1149 2327 1296 2391 indiuisis
1321 2350 1382 2393 nec

204 2443 299 2507 facile
334 2443 407 2507 ullis
442 2443 503 2506 uisi
537 2443 570 2506 in
605 2443 708 2526 prima
739 2444 823 2507 sede.
871 2466 907 2507 ac
931 2465 970 2506 ne
995 2443 1166 2526 Euripides
1190 2444 1322 2526 quidem
1344 2445 1381 2508 in

205 2559 323 2624 fabulis
346 2559 549 2644 liberioribus
574 2562 662 2623 extra
684 2559 821 2643 primam
844 2559 952 2622 sedem
975 2581 1032 2643 pro
1048 2560 1162 2623 iambis
1178 2560 1285 2642 posuit
1301 2583 1382 2624 ana·

203 2680 330 2760 paestos
353 2677 415 2740 nisi
438 2679 474 2740 ut
497 2678 679 2739 constarent
701 2675 882 2740 nominibus
906 2676 1043 2759 propriis
1060 2675 1275 2759 polysyllabis
1313 2674 1382 2741 Ro-

203 2793 290 2855 mani
325 2795 431 2856 autem
464 2791 583 2875 tragici
618 2791 812 2874 antiquiores
847 2813 906 2855 nec
941 2791 1045 2854 minus
1073 2791 1258 2874 frequenter
1280 2813 1382 2874 quam

205 2908 318 2971 cornici
342 2910 531 2991 anapaestos
554 2928 612 2990 pro
635 2907 751 2971 iambis
776 2909 949 2990 posuerunt
973 2910 1004 2970 et
1028 2929 1136 2970 eorum
1159 2907 1276 2990 partim
1294 2908 1382 2972 indi·

204 3024 287 3086 uisos
311 3024 431 3106 partim
454 3024 572 3088 diuisos
596 3024 709 3087 iisdem
733 3023 834 3086 modis
858 3023 974 3106 quibus
998 3023 1118 3086 comici.

310 3137 359 3203 Ac
395 3139 523 3223 saepius
558 3139 708 3203 uidelicet
742 3140 775 3203 in
810 3139 947 3223 primam
983 3139 1112 3203 iambici
1135 3160 1246 3202 uersus
1270 3140 1383 3204 sedem

201 3255 319 3339 tragici
354 3255 566 3320 admittebant
600 3255 726 3320 diuisos.
773 3260 910 3318 Liuius
945 3259 1193 3319 Andronicus
1229 3264 1308 3337 trag.
1336 3261 1380 3320 38

203 3344 290 3408 Ribb.
338 3348 431 3419 Quem
455 3369 523 3426 ego
546 3350 716 3408 nefrendem
742 3349 802 3407 alui
819 3351 945 3408 lacteam
961 3350 1137 3425 immulgens
1154 3368 1249 3424 opem.
1281 3349 1382 3409 Nae-

202 3439 291 3497 uius
326 3442 365 3498 tr.
391 3441 408 3498 6
434 3433 472 3496 li.
519 3439 663 3498 Ennius
687 3443 726 3497 tr.
753 3441 793 3497 59
817 3433 869 3509 R;
895 3438 951 3508 743
978 3438 1057 3497 126:
1086 3438 1164 3506 128;
1192 3438 1270 3508 1293
1299 3438 1382 3508 1353

211 3527 290 3597 1433
318 3528 397 3597 144;
424 3528 504 3598 298;
529 3529 611 3599 3183
637 3529 717 3598 3393
744 3527 824 3597 367;
843 3528 923 3594 3893
943 3529 1016 3585 394.
1056 3526 1252 3585 Pacuuius
1272 3523 1384 3604 laR,·

205 3618 240 3687 33
268 3621 302 3688 53
330 3618 387 3687 583
414 3617 471 3688 853
499 3617 578 3676 179:
606 3618 685 3687 1983
712 3616 791 3687 2023
817 3618 896 3686 2263
922 3617 1000 3687 2933
1027 3615 1200 3686 3173402.
1235 3616 1383 3678 Accius

202 3707 269 3764 456
294 3700 344 3781 R;
368 3706 448 3776 5863
474 3709 507 3777 53
536 3706 591 3777 12;
618 3706 698 3777 6473
724 3705 782 3774 673
809 3707 889 3776 6553
915 3705 973 3775 983
1002 3703 1382 3777 1333189:197;268;

202 3795 286 3866 2753
313 3794 393 3865 2813
420 3796 500 3865 2993
527 3796 606 3867 3033
632 3795 711 3866 3043
740 3795 821 3865 3243
847 3795 928 3864 3303
954 3795 1033 3863 3953
1059 3792 1140 3864 4143
1166 3795 1240 3852 456.

307 3905 409 3969 Extra
425 3906 562 3990 primam
577 3907 685 3970 sedem
700 3926 810 3969 uersus
827 3904 956 3969 iambici
973 3907 1006 3968 et
1020 3904 1053 3968 in
1070 3904 1215 3968 uersibus
1231 3904 1378 3969 trochai-

201 4021 257 4085 cis.
304 4026 438 4087 Liuius
462 4027 709 4086 Andronicus
733 4029 812 4102 trag.
839 4026 878 4083 19
903 4020 932 4083 R
956 4071 963 4085 .
989 4071 997 4086 .
1023 4025 1136 4084 ‚etiam
1153 4025 1272 4084 minitas
1288 4026 1378 4086 mitte

314 4194 338 4276 ¹)
361 4198 441 4256 Illud
475 4216 594 4273 quoque
630 4216 784 4256 commune
818 4197 877 4256 fuit
899 4197 1034 4271 utrisque
1058 4215 1112 4272 pro
1136 4195 1235 4254 iambo
1259 4197 1382 4272 parcius

201 4287 248 4345 uti
272 4289 435 4363 anapaesto
460 4287 557 4346 diuiso
580 4305 671 4362 qnam
693 4286 831 4347 indiuisa
