2910 4778
627 314 697 361 oar.
718 315 761 360 rv.
780 307 796 373 s
816 317 840 361 a.
1252 316 1318 364 xnv
1402 292 1406 303 '

144 511 188 549 ea
212 496 288 567 quae
312 495 378 550 tua
401 494 472 550 sunt
494 492 615 567 magis
639 495 727 567 quatra
752 512 827 551 nrea.
850 528 884 536 -
905 493 1020 552 Naeu.
1037 497 1116 570 trag.
1135 493 1175 552 14
1191 489 1242 570 R,·
1261 493 1318 565 18;

142 582 202 652 26;
234 582 285 640 36.
314 616 347 624 -
376 580 521 639 Ennius
545 585 622 658 trag.
650 581 684 639 ll
714 578 753 640 ll.
800 582 858 641 Pro
881 578 981 641 mala
1002 583 1068 642 nita
1090 584 1201 642 frimam
1225 585 1317 642 extol-

139 671 183 729 les
206 673 261 747 prd
283 665 381 728 bonai
403 675 519 746 partem
542 670 667 745 gloriam
692 665 736 746 (et
758 689 813 746 pro
829 671 907 730 bona
923 665 1076 746 Isidorus
1093 687 1174 732 corr.
1192 667 1319 746 Ribb.);

141 759 201 830 20;
227 760 285 829 32;
310 759 368 827 45;
394 760 452 825 66;
478 759 530 842 69.
555 758 635 829 360;
662 759 742 830 122;
770 758 848 828 149;
877 758 954 831 170;
983 760 1043 819 175
1068 760 1150 830 Quae
1173 756 1252 820 tibi
1275 755 1317 820 in

140 848 295 909 connubio
326 893 333 906 .
360 893 366 906 .
393 868 416 916 .;
444 846 505 904 176
529 846 665 923 Iuppiter
689 849 763 906 tibi
786 849 899 906 stimme
924 893 931 907 .
958 895 964 908 .
992 894 998 907 .
1026 849 1103 914 1862
1130 850 1209 921 1883
1236 851 1317 921 2233

141 941 224 1003 2652
261 939 341 1006 269;
374 936 455 995 275;
481 936 542 994 315
568 937 642 995 Peto
665 938 774 1012 prius
798 957 889 1012 quam
912 941 1021 1014 oppetd
1045 941 1179 998 malam
1202 938 1318 1015 pestem

138 1028 314 1088 mandatam
348 1026 589 1105 hostrunranm
626 1026 707 1096 3203
745 1027 823 1096 3993
849 1026 929 1097 347,
955 1028 1029 1087 368.
1055 1058 1095 1067 -
1120 1029 1318 1087 Pacuuius

141 1117 202 1186 79;
241 1116 319 1185 160;
356 1116 417 1172 364
451 1108 546 1173 Immo
570 1109 726 1174 enimuero
750 1135 818 1192 ego
841 1120 1074 1192 sum,inquam,
1099 1116 1216 1176 Orestes
1243 1163 1248 1174 .
1276 1162 1317 1176 ..

140 1207 224 1274 374;
249 1204 329 1264 376:
354 1204 429 1263 411.
476 1223 576 1263 omnes
600 1205 630 1262 hi
652 1223 757 1263 uersus
782 1205 874 1263 Pacui
897 1209 969 1264 sunt
988 1206 1148 1281 septenarii
1162 1207 1316 1265 trochaici.

140 1295 248 1354 incerti
271 1297 342 1352 sunt
366 1291 447 1352 *198
472 1300 502 1351 et
525 1291 607 1350 *304
631 1288 670 1351 B.
717 1313 788 1370 ergo
812 1294 1028 1354 multominus
1053 1296 1202 1354 auunculo
1224 1295 1319 1354 Pacu·

138 1385 210 1443 uius
244 1388 327 1441 extra
358 1382 487 1458 primum
511 1383 641 1441 iambum
666 1384 722 1441 hac
745 1383 863 1442 licentia
887 1402 959 1442 usus
983 1387 1037 1442 est.
1083 1384 1221 1442 Accius
1245 1403 1318 1443 uero

139 1473 239 1532 minus
263 1472 406 1529 Pacuuio
453 1471 546 1546 quid?
592 1473 672 1546 quod
695 1472 747 1530 uix
769 1492 863 1530 unum
880 1472 942 1531 eius
958 1473 1001 1530 rei
1018 1474 1185 1548 exemplum
1201 1477 1317 1531 certum

139 1567 226 1620 extra
256 1561 385 1637 primum
409 1561 540 1619 iambum
564 1560 698 1620 inuenies
722 1561 752 1619 in
775 1561 908 1637 reliquiis
932 1561 1014 1620 Acci.
1061 1582 1127 1619 narn
1152 1563 1315 1638 spondeum

139 1651 271 1708 diuisum
306 1649 428 1707 habebis
461 1668 517 1724 pro
541 1649 636 1709 diuiso
668 1654 839 1725 anapaesto,
864 1651 889 1709 si
913 1651 982 1709 Aca.
1007 1651 1115 1727 fragm.
1143 1651 1214 1713 112.
1243 1651 1315 1719 142,

141 1741 206 1798 663
230 1757 285 1814 pro
309 1757 430 1813 neque
454 1740 533 1814 leges
550 1758 631 1809 nec;
648 1741 686 1796 t'r.
704 1739 766 1798 667
784 1733 814 1796 R
829 1734 1029 1798 enimuero
1045 1759 1104 1798 uox
1119 1759 1180 1798 una
1195 1740 1320 1797 uidetur

139 1847 204 1886 esse
239 1831 268 1885 et
302 1827 481 1902 composita3
518 1828 612 1886 2346
648 1829 772 1886 fortasse
807 1829 905 1903 legere
928 1829 1069 1887 debemus
1094 1829 1217 1904 'Fruges
1241 1835 1317 1886 tam

138 1918 222 1993 ipsae
245 1919 350 1990 suapte
375 1919 483 1974 natura
507 1916 646 1975 enitent’:
676 1951 709 1958 —
737 1922 863 1975 tamen
887 1918 967 1993 ipsae
991 1912 1073 1975 libri.
1120 1921 1236 1976 restant
1258 1919 1316 1976 looi

140 2007 219 2064 duo:
246 2005 307 2063 293
335 2004 400 2074 'Qui
424 2005 562 2069 nisi-
595 2040 627 2048 -
655 2004 832 2081 principium
856 2006 1016 2082 septenarii
1039 2002 1096 2080 (ran
1118 2005 1179 2075 Qut
1193 2007 1223 2064 ni
1241 2006 1316 2073 -ll

139 2099 174 2154 et
197 2093 259 2152 418
285 2092 342 2163 Qui
364 2094 468 2169 potis
492 2098 536 2152 est
559 2095 654 2153 refelli
671 2095 829 2170 quisquam
844 2096 910 2155 ubi
925 2096 1040 2155 millust
1056 2096 1197 2154 causandi
1212 2097 1317 2155 locus?

213 2262 218 2268 .
248 2194 332 2279 Quid
368 2204 471 2267 dicam
495 2205 685 2287 posteriores
708 2205 850 2289 tragicos
874 2205 955 2269 tales
980 2208 1167 2288 anapaestos
1191 2206 1314 2290 fugisse

139 2320 246 2405 magis
281 2320 378 2383 etiam
410 2319 509 2383 Accio
533 2324 756 2404 praeterquam
781 2321 815 2383 in
837 2321 942 2404 prima
965 2322 1039 2384 sede
1063 2322 1172 2399 iambi,
1200 2325 1233 2384 nt
1257 2319 1317 2384 Se·

138 2458 221 2500 neca
256 2435 353 2500 Hero.
381 2437 471 2500 ‘1023
496 2434 610 2499 Perit
634 2437 707 2499 ante
731 2436 855 2513 uulnus,
881 2437 1029 2520 spiritum
1054 2437 1172 2519 eripuit
1194 2438 1318 2501 timor?

248 2549 286 2614 In
321 2551 482 2616 comoedia
517 2556 623 2615 autem
659 2553 764 2634 prisca
791 2552 927 2633 libertas
948 2553 1101 2616 seueriori
1126 2553 1315 2635 disciplinae

136 2690 205 2732 non
228 2668 329 2732 omnis
354 2667 449 2733 cessit
470 2670 537 2731 tarn
561 2668 635 2731 cito.
682 2667 839 2733 Publilius
863 2669 992 2752 quidem
1017 2704 1057 2712 -
1075 2669 1160 2751 quod
1177 2689 1317 2731 comme-

136 2786 244 2848 morat
279 2782 351 2848 Gul.
386 2782 498 2866 Meyer
534 2783 592 2846 ’uh
628 2784 678 2846 die
712 2783 929 2847 1633633666.
960 2782 1124 2847 Wortacc!
1148 2805 1180 2865 p.
1206 2785 1245 2861 27
1273 2820 1313 2827 -

137 2903 329 2983 anapaestos
364 2899 481 2962 diuisos
515 2901 622 2982 posuit
657 2900 690 2963 in
714 2900 825 2983 quinta
849 2900 922 2962 sede
948 2899 1073 2963 multos.
1096 2902 1257 2982 postremo
1280 2901 1315 2962 in

137 3015 267 3079 labellis
291 3013 456 3078 Phaedrus
480 3014 610 3079 Publilii
635 3015 778 3079 imitator
800 3015 833 3077 in
858 3016 971 3078 eadem
986 3015 1061 3078 sede
1077 3014 1158 3078 tales
1175 3037 1317 3098 anapae-

140 3135 208 3194 stos
232 3130 318 3207 fecit,
343 3132 426 3214 quod
451 3131 543 3195 docet
566 3130 637 3195 aul.
661 3130 773 3215 Meyer
795 3131 817 3194 l.
842 3152 880 3207 3.,
905 3133 1065 3220 quattuor.

246 3354 264 3436 ὅ
290 3354 343 3417 6,,
365 3351 424 3417 VI.
470 3354 514 3420 Et
536 3353 586 3418 his
610 3376 691 3438 quae
717 3355 755 3418 de
777 3353 923 3418 thesibus
944 3375 1093 3418 uersuum
1110 3354 1315 3437 antiquorum

137 3468 324 3534 Italicorum
359 3469 591 3553 disputauimus
619 3471 696 3534 satis
720 3469 833 3548 elucet,
859 3470 890 3532 in
915 3466 1082 3533 ’'ansibus''
1107 3469 1159 3533 uel
1183 3491 1314 3553 percus-

138 3585 290 3660 sionibus,
308 3588 350 3681 ·ut
365 3609 396 3669 p.
413 3583 508 3649 XXII
522 3586 665 3665 diximus,
682 3607 831 3650 numeros
848 3585 1036 3649 domesticos
1053 3588 1149 3668 atque
1166 3585 1315 3668 antiquos

138 3702 279 3786 regionis
307 3700 440 3766 Italicae
464 3703 602 3766 maxime
627 3702 704 3766 sitos
729 3723 807 3774 esse,
833 3700 982 3765 '’theses''
1008 3704 1114 3765 autem
1137 3700 1190 3764 uel
1212 3700 1313 3763 inter·

138 3817 225 3881 ualla
248 3818 486 3902 percussionum
510 3840 595 3903 uaga
619 3840 687 3882 esse
711 3821 743 3881 et
767 3817 867 3881 uaria.

245 3933 354 3998 Etiam
387 3935 422 3997 in
457 3934 701 3999 Graecorum
735 3933 823 4017 poesi
858 3932 1079 4017 antiquissima
1109 3936 1142 3996 36
1163 3932 1313 4015 populari

140 4047 290 4113 ''theses''
326 4050 378 4113 uel
412 4049 584 4113 interualla
614 4049 854 4132 percussionum
885 4049 983 4113 fuisse
1006 4047 1181 4126 instabilia,
1205 4050 1241 4110 ut
1264 4047 1314 4110 f-

138 4166 200 4231 cile
237 4162 522 4249 supprimerentur,
547 4167 588 4230 ab
612 4165 797 4230 Hermanno
821 4164 966 4230 Usenero
989 4165 1239 4228 demonstratum
1265 4166 1313 4226 est

137 4282 222 4347 libro
257 4281 389 4366 egregio
424 4303 518 4364 quem
543 4281 671 4364 scripsit
695 4282 733 4345 de
756 4281 846 4365 poesi
870 4279 1091 4363 antiquissima
1114 4299 1314 4363 graecorum.
