2910 4778
526 1146 679 1219 OAPVT
699 1148 762 1219 IX.

511 1300 571 1378 De
619 1299 776 1400 elogiis

167 1480 317 1544 Versus
354 1504 421 1545 esse
450 1504 503 1545 eos
533 1505 610 1565 quos
635 1482 719 1545 edidi
743 1482 930 1567 elogiorum‚
954 1505 1018 1547 non
1041 1505 1134 1567 prosa
1158 1506 1230 1548 ora-

54 1599 144 1661 tione
180 1600 357 1679 conceptos
383 1602 415 1660 et
437 1599 561 1661 numeri
584 1599 647 1681 ipsi
671 1593 848 1662 ostendunt
866 1602 897 1662 et
920 1620 1079 1663 numerus.
1127 1589 1229 1682 neque

57 1713 145 1776 enim
169 1716 242 1776 sunt
265 1712 443 1797 singulares
460 1736 570 1777 uersus
586 1714 828 1798 inscriptionum
843 1714 1043 1798 repudiandi,
1060 1715 1085 1778 si
1104 1719 1230 1779 exstant

56 1831 90 1892 in
114 1828 259 1913 pluribus
283 1829 544 1912 inscriptionibus
569 1829 718 1912 rhythmo
742 1853 846 1913 pares.

110 1993 112 1997 ,
165 1943 333 2007 Accedunt
355 1945 474 2008 indicia
497 1945 601 2028 plura.

164 2059 278 2144 Neque
314 2061 398 2124 enirn
435 2060 526 2124 modo
561 2062 600 2124 ad
625 2060 788 2125 Saturnios
812 2063 867 2125 sed
892 2063 932 2125 ad
955 2084 1062 2126 omnes
1087 2062 1229 2147 singula-

55 2199 107 2240 res
139 2198 250 2240 uersus
286 2176 451 2239 titulorum
481 2177 621 2260 pertinet
644 2178 675 2240 id
700 2177 783 2260 quod
808 2177 900 2240 docet
928 2177 1141 2242 Buechelerus
1164 2179 1229 2242 ind.

55 2296 136 2356 aest.
171 2291 274 2356 Bonn.
307 2316 334 2354 a.
361 2293 446 2356 1876
470 2316 502 2376 p.
528 2295 568 2356 10
593 2315 639 2375 sq.
688 2291 925 2374 ''Singulares''‚
950 2294 1063 2377 inquit,
1089 2295 1231 2358 ''discer-

55 2430 133 2472 nere
157 2430 280 2471 -uersus
315 2408 493 2491 periculosa
517 2430 567 2471 res
592 2412 639 2471 est
663 2414 704 2484 31,
729 2410 790 2471 nisi
814 2413 902 2472 aetas
925 2410 1011 2472 tituli
1035 2413 1229 2493 externaque

54 2524 176 2588 indicia
200 2528 255 2587 aut
279 2524 415 2587 elocutio
438 2523 624 2607 impulerint
640 2546 769 2587 carmen
781 2528 820 2604 ,ut
836 2547 1000 2606 ponamus,
1017 2525 1111 2607 plane
1128 2528 1229 2588 teme-

55 2638 176 2703 raria''.
223 2661 298 2702 sane
331 2639 438 2722 paullo
461 2640 632 2702 incertiora
656 2643 729 2703 sunt
754 2677 794 2683 -
820 2641 902 2723 quod
927 2645 975 2703 est
997 2641 1229 2723 perincommo-

55 2757 132 2819 dum
170 2791 208 2800 —
237 2756 351 2818 aetatis
375 2755 509 2833 indicia3
540 2777 676 2838 namque
702 2757 798 2818 etiam
821 2756 1027 2838 imperatoria
1050 2759 1166 2834 aetate,
1191 2760 1229 2820 ut

54 2871 137 2935 haec
173 2871 270 2934 editio
307 2873 455 2943 ostendit,
484 2871 637 2934 memoria
661 2872 817 2954 quaedam
840 2875 992 2934 nontam
1016 2872 1093 2935 artis
1118 2871 1229 2936 Satur-

55 2989 128 3050 niae
145 3009 240 3070 quarn
258 3009 405 3050 uersuum
424 2984 643 3050 Saturniorum
660 2987 964 3070 domesticorumque
982 2988 1109 3051 resedit.
1145 2989 1228 3070 quod

56 3125 95 3166 ne
112 3102 347 3166 Buechelerum
364 3103 492 3186 quidem
508 3103 603 3187 fugit.
640 3104 716 3166 ”diu
733 3105 871 3182 autem''‚
889 3103 1002 3185 inquit,
1021 3100 1144 3185 ”plebis
1161 3104 1228 3167 siue

54 3219 171 3283 notitia
194 3220 321 3302 penitus
346 3219 442 3282 insita
465 3219 532 3282 siue
549 3220 619 3282 rudi
637 3220 839 3283 assuetudine
856 3222 1002 3282 uetustae
1019 3220 1125 3301 poesis
1141 3242 1229 3284 rese-

55 3334 138 3398 disse
162 3336 347 3398 memoriam
370 3338 573 3400 monumento
590 3335 740 3398 docemur
756 3332 958 3418 Eurysacis’'.
991 3335 1046 3398 sed
1063 3337 1225 3418 sequenda

57 3472 125 3513 esse
152 3451 308 3533 quaedam
331 3450 450 3513 indicia
474 3472 546 3513 cunr
569 3452 683 3514 aetatis
706 3453 775 3514 tum
791 3452 918 3535 generis
932 3454 1027 3535 atque
1045 3452 1228 3516 elocutionis

56 3563 256 3628 Buechelero
281 3565 489 3629 uehementer
512 3567 675 3630 assentior.
724 3566 805 3650 quod
830 3571 936 3630 tamen
960 3590 1024 3630 non
1045 3567 1150 3630 tenuit
1173 3568 1228 3650 qui

55 3680 135 3744 illud
172 3678 274 3744 'Ritus
310 3681 446 3746 Gabinio
476 3683 548 3745 med
572 3682 685 3745 Romal
709 3679 814 3746 feked'
840 3684 1002 3746 contendit
1026 3705 1093 3746 esse
1117 3682 1228 3746 Satur·

54 3797 154 3861 nium.
202 3798 277 3880 quid
302 3798 409 3862 euim?
455 3821 536 3882 quae
560 3801 634 3861 sunt
656 3798 712 3861 illa
738 3797 877 3862 ”indicia
901 3802 1033 3863 externa
1052 3801 1107 3861 aut
1123 3798 1228 3861 elocu-

55 3911 197 3976 tionis’'?
243 3913 304 3976 hoc
328 3914 428 3998 igitur
451 3916 542 3979 nobis
566 3916 793 3997 quaerendum.
841 3916 881 3978 ad
906 3938 975 3978 eam
1000 3917 1106 3978 autem
1130 3936 1227 3997 quae·

54 4029 191 4093 ctionem
229 4029 428 4093 collectiones
464 4030 629 4094 Garruccii
665 4053 743 4114 quas
779 4031 878 4093 edidit
906 4031 1072 4114 Augustae
1096 4028 1226 4092 Taurin.

53 4167 82 4208 a.
110 4145 196 4209 1878
222 4149 254 4208 31
284 4146 366 4208 1881
393 4147 552 4210 adhibebo
576 4169 645 4209 eam
672 4149 712 4210 ob
737 4169 803 4208 runi
828 4147 911 4229 quod
934 4147 1040 4228 plures
1065 4145 1228 4208 continent

51 4259 165 4324 titulos
200 4283 296 4343 quam
328 4261 475 4346 Corporis
507 4261 753 4346 Inscriptionunr
780 4263 965 4326 Latinorum
991 4263 1137 4324 uolumen
1160 4262 1228 4343 pri·
