2910 4778
252 482 446 541 Prisciani
470 483 583 542 codices

145 589 232 654 R:
191 598 397 658 -Parisinus
424 598 507 658 7496
532 618 608 658 saec
633 599 685 657 IX

144 681 232 744 B:
191 687 473 764 -Bambergensis
496 690 537 746 M
561 688 614 746 IV.
642 687 681 746 12
706 705 783 747 saec
806 686 859 745 IX.

144 769 232 833 D=
247 776 318 836 olim
341 776 573 878 Bongarsiapus‚
599 796 677 835 nunc
700 776 857 835 Beruensis
884 776 944 834 109
969 795 1045 835 saec.
1064 777 1101 834 X.

145 859 183 922 H
193 866 390 924 =Halberst
392 867 452 925 adt'
430 866 531 925 transis
554 866 626 924 bibl.
650 885 752 942 gymn.
777 866 808 923 M
833 867 872 924 59
897 884 973 924 saec.
998 865 1039 924 IX
1061 866 1111 924 uel
1134 866 1171 924 X

147 946 234 1011 A:
248 954 430 1014 Amicnensis
454 955 526 1013 bibl.
551 956 634 1031 publ.
659 973 735 1015 saec.
759 955 787 1013 X
810 958 840 1013 et
863 954 915 1013 XI.

151 1035 232 1100 U:
246 1043 426 1120 Upsaliensis
461 1044 533 1103 bibl.
569 1045 700 1102 uniuers
735 1063 811 1102 saec.
847 1044 914 1115 XII,
947 1044 1030 1103 cuius
1057 1045 1237 1102 mentionem
1261 1046 1315 1104 t'eci

143 1213 231 1278 Θι-
245 1131 523 1281 ἓᾶὲοῗὲηεθῖὲηε
547 1213 745 1298 sangallensis
770 1222 833 1280 904
857 1241 933 1280 saec.
960 1223 1009 1280 IX.

142 1302 173 1365 L
191 1310 316 1368 =oli1n
341 1309 548 1383 Gruterianus,
562 1329 641 1370 nunc
656 1311 728 1368 bibl.
746 1311 829 1386 publ.
846 1311 945 1386 Lugd.
962 1311 1031 1371 Bat.
1047 1311 1093 1370 lit.
1112 1311 1151 1369 67
1169 1330 1245 1371 saec.
1261 1312 1314 1371 IX.

142 1392 183 1456 K
192 1421 233 1445 =
248 1397 481 1458 Caroliruhensis
510 1401 572 1458 223
597 1419 673 1458 saec.
683 1448 686 1454 .
698 1400 749 1457 ΙΧ.

251 1488 424 1548 Minusculis
447 1489 555 1547 litteris
578 1489 735 1564 signantur
758 1507 861 1548 eorum
885 1489 1019 1548 codicum
1036 1509 1141 1548 manns
1158 1490 1314 1548 secundae.

250 1712 284 1778 Si
307 1736 370 1797 qua
395 1713 458 1778 alia
481 1714 575 1798 signa
599 1709 847 1797 compendioque
872 1718 946 1777 sunt
968 1714 1002 1777 in
1024 1713 1085 1777 hac
1110 1714 1260 1791 editione,
1278 1737 1315 1778 ea

140 1830 196 1894 nel
230 1834 285 1894 not
286 1853 305 1893 a
340 1834 413 1893 sunt
399 1829 499 1892 tuel
522 1830 663 1893 facilia
654 1830 831 1904 1ntetet‚llecu
855 1830 917 1893 nisi
940 1830 1000 1894 hoc
1023 1853 1121 1893 unum
1146 1831 1315 1894 dicendum

142 1979 185 1990 -
209 1967 403 2029 quamquam
427 1945 490 2010 fort
477 1950 560 2010 tasse
585 1968 624 2010 ne
649 1946 681 2010 id
704 1947 833 2054 quidem
857 1968 935 2030 opus
960 1950 1050 2010 est-
1051 1946 1147 2010 —Zc
1163 1944 1314 2027 (Zander)

140 2062 563 2126 mtmmwtm‘

250 2292 301 2356 Ad
331 2293 641 2376 prouerbiorum
665 2293 875 2378 cognitionem
900 2293 1073 2357 latinorum
1097 2297 1189 2379 grato
1207 2295 1313 2357 animo

139 2408 295 2492 profiteor
329 2430 378 2472 me
414 2408 549 2473 multum
573 2410 717 2473 adiutum
741 2431 809 2473 esse
833 2409 946 2472 studiis
969 2409 1009 2472 iis
1033 2431 1167 2492 qnorum
1191 2410 1314 2474 fructus

139 2521 343 2588 Woelfflinus
378 2525 519 2609 sociique
556 2525 612 2603 eia
649 2548 687 2588 ex
722 2525 837 2608 quibus
872 2523 902 2588 Α
937 2523 1013 2589 Otto
1042 2526 1196 2608 peculiari
1219 2526 1312 2589 laude

138 2639 371 2724 praedicandus
407 2644 465 2720 est,
503 2663 635 2724 quorum
665 2663 762 2724 opera
784 2662 869 2704 nunc
892 2641 1021 2704 tandem
1044 2644 1116 2724 post
1139 2641 1309 2704 Erasmum

138 2756 263 2840 aliquid
287 2760 334 2820 est
359 2779 396 2820 ea
419 2779 470 2820 res
494 2756 664 2835 illustrata
691 2757 725 2819 in
748 2757 829 2821 serie
853 2757 910 2820 illa
932 2757 1086 2821 librorum
1103 2778 1184 2840 quae
1200 2749 1314 2836 inscri-

138 2873 189 2937 bit
190 2895 228 2936 ur
263 2872 392 2936 'lArca'c
425 2872 561 2954 filrlt
529 2872 693 2936 nteioische
717 2873 880 2937 Grummot
882 2873 914 2934 c‘lc
951 2872 1018 2936 aizel
1052 2872 1310 2956 tenitopcptte’

139 2987 242 3066 (WA)
279 3010 350 3052 cum
382 2989 421 3051 iis
450 2989 505 3072 qui
528 3011 586 3072 per
609 2990 758 3053 orbemt
760 3011 902 3052 errorum
926 2992 1042 3052 uacant
1065 2988 1180 3051 litteris
1204 2987 1313 3050 latinis

137 3104 465 3168 communicauerunt
501 3106 619 3168 etenim
655 3127 727 3168 cum
760 3105 820 3169 hoc
855 3104 1099 3189 quadriennium
1130 3103 1311 3186 prouerbia,

136 3242 274 3304 quorum
297 3220 419 3284 scilicet
441 3220 535 3304 longe
560 3221 660 3284 maior
682 3242 842 3300 numerus
879 3224 914 3283 ut
937 3220 1069 3297 alienus
1094 3220 1134 3283 ab
1158 3219 1219 3283 hac
1244 3219 1311 3282 edi-

137 3337 227 3400 tione
252 3340 320 3400 erat
344 3337 562 3415 semouendus‚
588 3337 815 3420 excerpsissem
840 3337 874 3400 in
897 3336 1105 3418 scriptoribus
1129 3334 1311 3399 lectitandis

136 3451 302 3531 Romania,
338 3456 444 3516 tamen
480 3453 601 3535 aliquot
636 3453 815 3536 prouerbio,
852 3474 933 3535 quae
960 3451 994 3514 ln
1018 3450 1210 3515 aduersariis
1234 3451 1313 3514 meis

138 3568 298 3641 deessent,
323 3569 484 3651 adsumpsi
510 3591 549 3632 ex
574 3569 673 3652 copiis
696 3568 770 3632 illis.

248 3809 350 3872 Locus
375 3808 668 3872 commentario
704 3808 854 3871 critico
877 3807 999 3891 prolixe
1024 3808 1116 3872 datus
1147 3829 1219 3871 cunr
1251 3829 1312 3870 non

138 3924 233 3989 modo
267 3947 330 3988 non
365 3947 490 3988 omnem
517 3925 708 3987 uarietatem
734 3923 880 3987 lectionis
905 3927 960 3987 aut
983 3924 1166 4009 mansionis
1191 3921 1310 3986 sedne

140 4042 295 4104 minorem
330 4040 457 4124 quidem
492 4044 617 4123 partem
641 4044 780 4123 caperet,
808 4040 842 4102 in
865 4061 937 4103 eum
961 4039 1056 4103 retuli
1079 4060 1181 4122 pauca
1205 4040 1237 4100 et
1261 4058 1310 4100 se-

139 4156 235 4220 lecta.
282 4159 323 4234 et,
358 4156 507 4239 quoniam
542 4157 696 4219 rationem
731 4155 863 4219 reddere
900 4156 1007 4218 uariae
1042 4154 1217 4217 scansionis
1253 4174 1312 4235 per

141 4272 269 4367 modum
293 4271 390 4354 spatii
413 4271 642 4354 quodammodo
666 4271 899 4354 praescriptum
923 4270 1084 4335 nonlicet
1111 4268 1202 4348 mihi,
1219 4290 1313 4352 prae-
