2910 4778
630 339 832 387 MOR'll'ORVM.

299 495 365 552 Est
388 496 455 552 hdo
479 495 754 553 monimentum
800 494 920 552 Marci

301 582 509 642 vanorum·
531 581 766 640 EVRYSAGIS·
789 582 981 641 PlSTORIS·
1004 581 1181 640 REDEMP-

887 670 1015 730 TORIS·
1039 671 1234 732 APPARET.

141 761 187 819 sic
223 765 311 819 erunt
345 765 489 837 quattuor
514 761 610 836 prima
636 760 730 819 uerba
754 761 971 836 quaternarius
996 763 1094 819 cetera
1116 760 1204 820 huius
1227 762 1315 837 elogii

139 852 227 908 extra
261 851 443 925 rhythmum.
491 853 592 907 tamen
616 853 660 907 est
683 849 832 925 singulare
856 849 935 924 quod
957 868 1136 924 praenomen
1158 867 1250 908 uersu
1272 851 1312 908 di-

138 939 230 1011 citur,
263 946 361 996 cetera
392 939 511 996 nomina
535 958 592 996 non
617 939 698 996 item.
746 939 797 996 sed
820 938 942 995 uolebat
965 940 1088 996 fortasse
1111 939 1200 997 homo
1223 939 1312 998 cornis

136 1032 168 1085 et
203 1028 315 1101 facetus
339 1046 517 1102 praenomen
542 1029 578 1086 ab
603 1028 637 1086 iis
662 1027 713 1102 qui
738 1027 859 1085 titulum
883 1028 1016 1103 legerent
1039 1027 1157 1085 recitari
1180 1029 1312 1087 seorsim.

137 1136 209 1173 nam
235 1118 357 1174 '’molles
381 1117 570 1191 praenomine
594 1117 727 1192 gaudent
751 1116 933 1174 auriculae¹’.

247 1222 319 1280 Fuit
343 1242 411 1280 cum
435 1223 602 1297 suspicarer
626 1223 757 1298 elogium
780 1223 836 1280 hoc
860 1225 994 1280 constare
1018 1223 1139 1281 sotadeo
1162 1223 1260 1282 hiulco
1284 1227 1314 1281 et

140 1311 278 1370 trimetro
302 1313 397 1370 ionico
422 1312 608 1370 catalectico:

138 1403 200 1458 ast
234 1402 302 1459 bdc
336 1401 609 1458 monimentum
644 1400 764 1459 Marci
794 1400 971 1476 Vergilei
993 1395 1203 1476 Eurysaeis
1229 1391 1233 1481 l
1257 1405 1312 1477 pi-

545 1489 666 1548 stdris
689 1489 948 1564 redemptoris
972 1484 1146 1564 sippetrdt.

140 1579 194 1636 sed
232 1577 416 1653 repudianda
451 1583 504 1643 est,
540 1579 564 1636 si
598 1583 706 1654 potest,
735 1597 769 1636 ea
793 1578 963 1636 deformitas
986 1579 1085 1635 hiatus
1109 1581 1139 1634 et
1160 1579 1315 1654 prosodiae

141 1667 341 1725 claudicantis
387 1667 461 1725 illud
485 1667 581 1725 minus
606 1668 693 1725 etiam
718 1667 872 1742 probabile
896 1668 975 1742 quod
998 1667 1174 1725 Ritschelius
1198 1686 1245 1743 op.
1270 1667 1314 1726 IV

140 1755 202 1813 749
232 1760 262 1813 et
288 1756 449 1814 Buecheler
474 1758 585 1815 anthol.
610 1757 656 1814 111
678 1777 708 1832 p.
734 1756 772 1813 10
791 1757 865 1814 tales
881 1757 1028 1814 scandunt
1043 1757 1207 1814 saturnios:
1227 1756 1314 1815 ”Est

139 1846 208 1903 hdo
231 1839 506 1903 monimentum
530 1846 672 1903 Marcei
700 1880 734 1888 -
762 1841 1312 1921 VergileiEurysaoisPistd-

138 1937 191 1991 rr's
227 1935 526 2008 redemptdris:
563 1937 767 2009 appares:
808 1953 935 2008 quorum
969 1935 1050 2009 prior
1084 1938 1130 1992 est
1158 1934 1312 2010 pessimus,

137 2023 287 2097 posterior
309 2023 428 2080 minime
453 2027 553 2098 potest
576 2023 728 2080 saturnius
750 2024 863 2081 haberi.

250 2123 297 2187 H.
345 2129 455 2188 Versus
491 2130 638 2188 Antistiae
669 2131 804 2205 inscripti
834 2129 955 2188 suntin
979 2148 1125 2188 marmore
1149 2131 1229 2205 quod
1251 2149 1314 2206 spe·

146 2219 223 2276 ciem
267 2219 381 2293 panarii
423 2219 523 2276 refert.
572 2238 645 2294 quos
681 2220 833 2277 dimetiens
866 2222 985 2276 secutus
1023 2237 1088 2276 sum
1112 2219 1313 2277 colometriam

141 2307 355 2382 inscriptionis,
381 2308 436 2365 nisi
459 2307 537 2366 Hoo
561 2307 741 2366 PANARIO
764 2308 853 2384 spatii
874 2308 1039 2383 specieique
1062 2326 1150 2365 causa
1165 2308 1194 2365 in
1211 2308 1315 2366 tabula

138 2417 156 2453 a
174 2397 316 2471 proximis
333 2397 427 2454 diuisa
451 2400 529 2454 sunt.
561 2397 642 2472 prior
658 2398 796 2472 periodus
813 2401 858 2454 est
873 2397 1016 2454 distichon
1034 2396 1166 2453 italicum
1183 2395 1310 2454 eiusdem

137 2486 257 2560 generis
279 2478 328 2559 (B
341 2479 382 2559 b),
400 2486 482 2543 cuius
499 2491 568 2544 sunt
585 2487 659 2562 elog.
679 2487 717 2543 25
743 2491 773 2543 et
793 2487 844 2544 26.
868 2519 902 2528 —-
919 2483 1110 2543 brorbreui
1120 2486 1313 2560 paenultima.

137 2594 171 2631 u.
211 2575 279 2630 adn.
317 2575 353 2630 ad
389 2575 463 2649 eleg.
506 2575 563 2644 21;
599 2575 729 2649 itemque
759 2592 845 2649 saepe
868 2575 1004 2642 Plautus,
1028 2574 1079 2631 sed
1101 2576 1170 2648 post
1191 2573 1313 2630 breuem

137 2663 389 2738 monosyllabam‚
425 2659 472 2719 CF
498 2662 566 2721 Gul.
591 2663 716 2721 Mueller
738 2682 818 2739 pros.
841 2684 871 2738 p.
897 2663 959 2720 377
984 2681 1048 2737 sqq.
1079 2695 1111 2704 —
1140 2661 1313 2738 opituma

139 2752 279 2825 dactylus
316 2752 375 2809 arsi
409 2753 507 2809 soluta
539 2771 620 2809 more
654 2752 767 2827 prisco;
803 2771 880 2808 nam·
895 2770 999 2809 uersus
1023 2754 1067 2809 est
1091 2750 1176 2827 quasi
1197 2751 1313 2827 logaoe·

137 2841 234 2898 dicus.
282 2841 351 2897 licet
379 2845 478 2898 tamen
502 2844 675 2916 opituma
698 2841 794 2898 dicere
816 2841 859 2898 ita
882 2843 918 2898 ut
939 2839 1051 2898 uocalis
1075 2859 1127 2915 per
1150 2839 1312 2915 anaptyxiu

136 2933 211 2986 nata
236 2929 272 2986 ad
296 2936 424 2986 metrum
448 2949 506 2987 non
531 2933 712 2995 numeretur,
738 2930 775 2988 cf.
801 2930 868 2987 adn.
893 2930 969 3004 elog.
995 2929 1023 2986 6.
1049 2948 1078 3003 p.
1105 2929 1158 2986 64.

249 3035 424 3093 Posterioris
459 3036 573 3111 periodi
606 3036 689 3111 prior
723 3055 828 3094 uersus
864 3038 910 3094 est
943 3035 1060 3093 italicus
1095 3035 1144 3092 ille
1161 3036 1164 3041 ’
1180 3034 1311 3092 usitatis·

137 3125 241 3193 simus,
266 3124 408 3184 iambicus
433 3124 641 3200 quaternarius
666 3124 864 3183 catalecticus.
900 3124 1093 3198 posteriorem
1108 3142 1230 3183 uersum
1244 3123 1311 3182 ideo

138 3212 259 3288 expleui
294 3213 394 3271 addito
425 3229 537 3288 omme,
560 3219 596 3271 ut
619 3214 841 3289 quaternarium
866 3212 1013 3288 exciperet
1035 3212 1178 3271 senarius.
1222 3216 1259 3270 ut
1280 3211 1311 3270 in

139 3302 194 3360 illo
231 3302 320 3360 titulo
355 3303 484 3361 eiusdem
518 3303 579 3360 fere
615 3303 720 3361 aetatis
756 3301 814 3360 OlL
849 3301 896 3360 ΙΙΙ
929 3300 990 3359 582
1017 3300 1176 3359 ”Memor
1200 3299 1312 3376 q(uei)

138 3382 226 3449 sirit
248 3391 402 3450 deorum
429 3381 432 3471 l
457 3392 504 3450 Et
527 3391 637 3450 feilei
660 3392 741 3450 evei
763 3394 801 3448 et
822 3390 992 3448 libertae
1014 3408 1103 3448 svae
1119 3390 1311 3460 Monimes

137 3480 262 3539 uale'’.
320 3481 371 3538 sed
405 3483 449 3539 est
483 3481 563 3555 quod
597 3480 730 3538 dubitem
766 3499 804 3537 an
837 3479 958 3538 retineri
991 3482 1129 3553 oporteat
1163 3479 1310 3538 senarium

137 3568 215 3645 pede
248 3569 424 3627 breuiorem.
460 3589 529 3626 nam
562 3569 715 3644 quinarius
737 3569 787 3626 ille
809 3571 873 3626 tam
894 3567 1116 3642 imcompositus
1139 3587 1198 3627 non
1221 3568 1311 3626 semel

138 3657 293 3715 inuenitur
327 3657 356 3714 in
380 3657 476 3716 titulis
499 3658 679 3733 plebeculae.
726 3660 816 3732 atque
840 3657 902 3715 eins
925 3656 1039 3732 generis
1063 3657 1122 3715 duo
1138 3657 1311 3715 continuan-

137 3751 192 3804 tur
206 3764 312 3804 uersus
328 3746 415 3822 elogii
429 3747 600 3805 meronensis
617 3745 680 3805 0111
696 3746 724 3802 V
741 3746 843 3804 3496:

513 3834 679 3893 ATILIAE
703 3833 937 3893 MAXIMINAE

398 4011 498 4082 Quae
522 4012 633 4072 duxit
655 4031 782 4071 secum
804 4013 923 4071 honos
947 4015 983 4070 et
1005 4011 1143 4088 gloria.

400 4104 603 4159 aeternum
626 4099 746 4159 merim
768 4102 856 4160 nale
879 4100 1076 4160 solacium.

138 4190 271 4266 itemque
302 4189 380 4249 inter
403 4190 532 4249 senarios
555 4190 626 4250 iusti
649 4190 778 4287 ambitus
801 4191 868 4249 talis
891 4192 937 4249 est
958 4208 1063 4248 uersus
1087 4186 1150 4247 CIL
1174 4189 1190 4248 1
1215 4186 1309 4246 1019.

143 4296 182 4355 17
221 4296 330 4355 ”Vixi
364 4299 400 4355 et
433 4298 631 4356 fortunam
666 4297 790 4372 quoad
823 4297 906 4356 uixi
932 4295 1038 4355 toli’'.
1084 4298 1114 4354 et
1137 4295 1168 4354 hi
1191 4295 1309 4372 quidem

1187 4421 1200 4465 6
