2910 4778
155 305 285 351 LXXVIII
634 304 801 350 Exorasvs
821 304 841 350 1.

154 481 265 541 centus
301 476 396 555 acuti,
432 477 546 541 deinde
581 478 621 541 ad
656 476 898 541 similitudinem
927 500 1037 542 eorum
1060 482 1170 543 cetera
1193 502 1331 565 quoquc,

156 596 191 656 ut
213 593 425 677 aequabilitas
449 592 668 656 declinationis
692 596 934 656 conseruaretur
952 594 985 670 ¹).

262 707 326 773 Cur
350 712 457 772 autem
480 708 553 771 inde
577 731 596 772 a
618 709 725 790 priore
749 712 841 792 parte
864 710 983 774 saeculi
1007 711 1090 774 sexti
1113 715 1231 794 poetae
1255 713 1329 777 ulti·

155 844 241 887 mam
271 823 384 887 talium
416 845 525 887 uocum
549 823 657 907 qualia
680 828 754 887 sunt
776 824 933 908 gratia,
957 826 1086 890 matria
1109 827 1143 890 in
1167 826 1234 891 arsi
1256 850 1330 912 pro·

153 941 267 1003 ducere
292 939 424 1003 mallent
446 962 542 1024 qurun
565 939 677 1003 talium
700 940 808 1023 qualia
831 944 951 1025 grata
974 951 1128 1021 amara,
1146 964 1246 1007 causa
1261 945 1328 1008 sine

108 1064 110 1071 '
154 1055 249 1119 dubio
284 1055 346 1119 fuit
381 1076 418 1117 ea
447 1055 530 1138 quod
553 1055 594 1118 ad
617 1055 846 1138 paenultimam
870 1056 1001 1141 longam
1025 1061 1058 1121 11
1081 1062 1218 1122 accentu
1242 1061 1329 1125 uocis

94 1234 97 1239 ,
155 1171 313 1233 intentam
347 1170 460 1234 ultima
495 1170 600 1233 media
624 1170 708 1233 inter
731 1170 860 1255 longam
885 1173 1071 1236 et'breuem
1095 1173 1204 1237 breuis
1228 1174 1329 1240 habe-

152 1289 240 1349 retur
275 1306 403 1349 necesse
439 1287 518 1360 erat,
543 1285 592 1348 sin
616 1285 812 1367 paenultima
836 1288 942 1350 breuis
966 1292 1099 1353 accentu
1123 1291 1268 1368 carebat,
1293 1295 1326 1355 ut

153 1401 342 1466 breuissima
366 1404 459 1480 esset,
483 1401 596 1464 ultima
621 1404 690 1464 erat
712 1401 836 1486 longior
860 1424 956 1485 quam
977 1403 1176 1487 paenultima
1200 1407 1328 1471 tantilla

155 1522 284 1601 tamque
307 1517 370 1581 leui
388 1517 425 1600 2).
913 1563 916 1569 -

256 1633 390 1696 Primo
413 1633 545 1718 igitur
569 1633 616 1698 ad
647 1655 792 1697 annum
815 1635 901 1697 fere
925 1657 957 1717 p.
981 1657 1012 1699 u.
1037 1656 1064 1700 c.
1090 1635 1275 1701 DXXXX
1297 1637 1323 1701 A

149 1749 280 1813 finale
305 1749 548 1831 productum
572 1752 634 1812 est
657 1752 725 1812 aut
748 1750 919 1832 produci
939 1751 1328 1837 potuitetianrpost

148 1867 311 1952 longam
343 1865 648 1948 paenultimam.
694 1866 763 1928 sed
791 1866 929 1929 nullus
953 1870 1092 1930 exstat
1115 1890 1264 1933 uersus
1288 1871 1325 1934 in

260 2063 285 2145 ¹)
309 2069 373 2127 Hoc
407 2068 450 2125 111
485 2069 598 2126 lactum
622 2086 683 2126 1111
707 2073 798 2145 negat
820 2068 923 2144 Henry
946 2071 966 2127 l.
992 2088 1017 2128 c.
1041 2090 1071 2145 p.
1098 2071 1139 2127 24
1165 2071 1325 2132 ”L’action

148 2157 327 2235 sporadique
363 2158 397 2215 de
432 2158 461 2214 la
489 2158 577 2216 breve
600 2156 753 2215 bre'viante
778 2158 850 2216 dans
873 2159 915 2216 les
938 2162 1015 2217 mcts
1038 2158 1204 2234 iambiques
1228 2153 1327 2235 (bdrrct

149 2271 190 2295 =
203 2240 315 2322 111111)
340 2266 375 2304 nc
398 2250 472 2322 peut
495 2245 578 2304 avoir
601 2249 647 2304 cte
671 2265 751 2304 assez
774 2247 926 2322 puissante
949 2267 1026 2323 pour
1049 2248 1174 2323 produir
1196 2269 1239 2307 un
1257 2251 1325 2308 effet.

148 2337 226 2396 aussi
248 2337 407 2406 universal,
432 2353 536 2393 encore
561 2336 658 2410 quelle
682 2336 724 2393 ait
746 2336 815 2394 bien
830 2356 872 2411 pu
885 2337 973 2410 jouer
988 2337 1015 2394 le
1032 2338 1094 2395 role
1111 2337 1323 2413 d'adjuvant'’.

147 2456 188 2465 -
214 2425 324 2484 Contra
349 2443 424 2500 quae
448 2425 541 2482 uerba
565 2424 752 2499 grammatici
774 2425 853 2483 illius
878 2425 1069 2484 illustrissimi
1091 2425 1214 2485 uidetur
1237 2447 1323 2504 posse

148 2515 205 2573 dici
229 2516 255 2572 A
279 2514 374 2572 finalis
399 2513 616 2588 correptionem
640 2516 670 2571 et
692 2514 727 2572 iis
751 2514 899 2572 aetatibus
924 2534 1000 2589 quae
1024 2516 1222 2574 monumentis
1245 2517 1322 2576 litte-

144 2624 246 2662 rarum
272 2603 463 2661 illustrantur
486 2601 595 2660 sectam
623 2621 684 2661 esse
708 2621 761 2661 nec
784 2603 884 2662 subito
907 2622 1024 2662 omnem
1046 2606 1241 2675 transactam,
1268 2606 1318 2665 sed

144 2693 289 2768 paulatim
316 2696 346 2750 et
369 2691 488 2767 quidem
511 2710 546 2750 eo
569 2711 658 2767 quem
685 2691 744 2750 dixi
768 2692 869 2751 ordine
892 2711 1004 2750 rerum.
1050 2711 1084 2751 ac
1107 2711 1143 2750 ne
1167 2695 1206 2752 ad
1229 2694 1320 2755 finem

146 2783 264 2858 quidem
292 2781 437 2858 perducta
460 2785 530 2839 sunt
553 2780 737 2839 sermonibus
761 2781 912 2840 hominum
937 2781 1035 2839 omnia
1059 2782 1121 2840 eius
1144 2784 1264 2858 generis
1288 2785 1323 2844 si·

72 2944 74 2949 .
145 2872 216 2940 niul,
251 2890 432 2946 quamquam
455 2869 651 2928 fluctuantem
674 2888 761 2928 usum
786 2871 823 2927 ad
847 2873 942 2928 certas
966 2870 1110 2945 quasdam
1133 2872 1213 2946 leges
1237 2891 1323 2932 reuo-

144 2961 225 3018 cauit
259 2959 412 3035 disciplina
446 2959 710 3035 grammaticorum
742 2962 772 3017 et
801 2963 968 3034 poetarum.
1016 2979 1075 3034 qua
1099 2960 1134 3017 de
1157 2979 1190 3018 re
1213 2979 1322 3021 moneo

144 3056 174 3108 11
208 3049 327 3107 Liuium
364 3052 394 3106 11
417 3047 565 3106 Naeuium
590 3052 620 3106 11
642 3047 770 3106 Ennium
796 3052 825 3106 11
848 3047 973 3107 Accium
995 3048 1205 3124 grammaticos
1228 3050 1321 3110 fuisse

144 3142 174 3196 et
197 3137 346 3196 Lucilium
370 3137 458 3195 rebus
481 3136 683 3212 grammaticis
698 3155 828 3213 operam
851 3137 973 3196 dedisse.
1020 3156 1091 3196 uere
1114 3137 1268 3198 Baehrens
1291 3160 1321 3215 p.

146 3228 186 3284 14
223 3226 347 3285 ”Liuius
382 3226 574 3301 Naeuiusque
606 3227 694 3284 simul
718 3229 804 3284 eraut
826 3226 1014 3302 grammatici
1037 3226 1244 3302 magistrique,
1271 3228 1322 3304 qui

142 3336 177 3374 ex
200 3314 288 3375 uiuae
312 3315 430 3392 linguae
454 3315 575 3390 perenni
597 3315 679 3374 fonte
702 3315 871 3373 haurientes
894 3333 965 3373 suae
982 3314 1087 3374 aetatis
1103 3333 1270 3374 sermonem
1286 3321 1322 3375 ut

142 3405 340 3481 respiciebant
373 3404 415 3462 ita
450 3405 656 3464 excolebant''.
702 3405 781 3479 quod
816 3404 955 3463 uidelicet
990 3404 1027 3462 ad
1062 3407 1175 3463 ceteros
1199 3423 1320 3482 quoque

143 3513 217 3570 quos
241 3494 300 3552 dixi
324 3493 463 3569 pertinet.
510 3493 597 3552 simili
621 3492 735 3552 ratione
760 3493 834 3563 -A‘r,
857 3492 929 3563 -ΕΤ,
947 3493 998 3550 -ΙΤ
1014 3493 1216 3568 praesentium
1232 3513 1320 3555 uoca-

142 3584 197 3641 lem
234 3583 452 3658 corripuerunt,
488 3583 584 3657 primo
619 3583 649 3640 in
684 3583 773 3641 nullis
796 3582 920 3642 uocibus
944 3582 1000 3641 nisi
1022 3581 1163 3651 iambicis,
1188 3581 1259 3641 inde
1283 3583 1318 3641 ab

142 3675 240 3731 aetate
275 3672 363 3730 Ennii
398 3671 489 3729 etiam
523 3671 558 3729 in·
588 3671 663 3741 aliis,
699 3670 825 3746 denique
859 3671 927 3730 inde
951 3672 987 3729 ab
1013 3673 1111 3729 aetate
1135 3670 1319 3731 ’1111111111

108 3775 110 3783 “
141 3762 278 3821 omnibus
313 3763 493 3830 constanter,
531 3779 624 3835 eaque
658 3778 704 3819 res
739 3759 805 3819 inde
841 3761 878 3818 ab
912 3760 1033 3818 ineunte
1068 3778 1143 3818 saec.
1173 3759 1234 3818 VII
1257 3764 1318 3819 tam

140 3851 202 3909 uim
239 3850 453 3909 ”uniuersam”
491 3845 594 3924 (quam
628 3843 829 3907 ”ananeel”
865 3848 967 3924 Henry
991 3846 1073 3919 dicit)
1097 3849 1204 3908 habuit
1227 3869 1317 3925 quam

141 3939 288 4015 correptio
312 3938 340 3997 A
362 3939 480 3997 litterae
504 3937 610 3996 finalis.
656 3931 688 3996 id
711 3939 831 3996 tantum
853 3937 977 3996 interest
999 3937 1080 4014 quod
1102 3936 1131 3994 A
1153 3937 1241 3996 finale
1257 3957 1318 3997 cor·

140 4028 198 4104 ripi
234 4031 372 4104 coeptum
396 4030 441 4086 est
463 4027 621 4086 maturius.
668 4046 718 4085 eae
742 4026 820 4085 enim
842 4027 1065 4085 terminationes
1089 4044 1165 4101 quae
1188 4027 1257 4086 inde
1280 4027 1317 4086 ab

139 4117 224 4177 initio
259 4106 384 4193 simplici
408 4122 438 4175 et
461 4117 523 4175 sola
547 4116 645 4176 uocali
668 4116 854 4185 constabant,
879 4118 948 4174 aute
972 4115 1080 4191 corripi
1103 4118 1225 4191 coeptae
1248 4119 1319 4176 sunt

144 4227 235 4282 quam
257 4206 324 4264 illae
349 4225 425 4281 quae
448 4205 546 4265 uocali
568 4209 597 4264 et
621 4205 795 4265 consonanti
818 4208 872 4263 aut
894 4205 1088 4281 diphthongo.

250 4289 275 4367 2)
299 4294 364 4354 Hoc
392 4294 604 4353 animaduertit
628 4293 726 4354 christ
749 4287 865 4353 Metr.²
889 4314 919 4370 p.
946 4294 985 4352 22
1011 4294 1026 4364 ἓ
1051 4294 1104 4354 30.
