2910 4778
619 307 689 354 cnr.
707 307 752 354 vr.
772 299 788 366 ξ
808 310 831 354 e.
1181 308 1308 355 nxxxrx

249 477 266 560 ἓ
290 479 320 542 8.
366 479 410 544 nt
432 479 511 546 haec
529 479 567 544 de
588 481 722 566 singulis
738 481 882 546 uersibus
898 481 1060 546 hactenus.
1107 503 1189 564 quae
1205 482 1308 549 sentio

135 594 239 660 fuisse
261 596 418 680 longiora.
464 618 576 661 uerum
606 597 777 676 enimuero,
802 598 953 681 quoniam
975 597 1187 662 inueteratam
1211 601 1244 661 et
1267 599 1308 662 ab

136 711 322 776 auctoribus
358 712 555 797 grauissimis
591 712 754 777 defensam
788 713 942 797 impugno
975 714 1175 792 sententiam,
1206 735 1308 797 pauca

137 828 319 913 generatim
342 849 468 911 quoque
492 827 604 892 dicam.

246 941 428 1008 Theodorus
463 943 591 1026 quidem
625 942 759 1021 Korsch‚
793 945 842 1011 uir
877 946 1077 1011 acuffissimus
1108 949 1140 1010 et
1164 946 1308 1011 doctissi-

136 1080 220 1138 mus,
245 1059 320 1123 libri
342 1081 437 1142 quem
461 1059 500 1123 de
523 1058 672 1124 Saturnio
694 1060 823 1143 scripsit
846 1083 876 1143 p.
902 1063 944 1126 30
967 1061 1013 1125 ita
1038 1061 1174 1141 disserit,
1198 1060 1308 1127 Satur-

137 1175 239 1253 nium,
275 1195 347 1238 cum
382 1175 416 1238 in
450 1175 563 1257 priscis
591 1175 784 1240 carminibus
820 1177 982 1241 anacrusis
1017 1177 1070 1241 uel
1093 1177 1201 1241 addita
1226 1181 1309 1241 esset

137 1291 193 1354 uel
227 1312 289 1355 non
312 1290 432 1369 ¹addita,
456 1294 567 1374 postea
590 1290 636 1355 ita
659 1292 866 1356 constitutum
890 1314 958 1356 esse
982 1296 1018 1356 ut
1041 1293 1137 1375 priori
1163 1292 1309 1357 hemisti-

139 1405 212 1471 chio
236 1407 398 1470 anacrusis
422 1407 597 1483 accederet,
622 1407 787 1489 posteriori
804 1430 864 1471 non
882 1408 969 1471 item.
1018 1407 1097 1473 ”hoc
1115 1413 1146 1472 et
1163 1410 1308 1492 exempla

138 1523 305 1586 ostendere
329 1525 362 1585 et
385 1520 610 1591 Terentianum
632 1523 743 1586 docere
767 1528 800 1586 et
821 1524 1023 1588 rationem
1047 1526 1307 1609 persuadere.

139 1658 203 1720 qua
238 1637 323 1700 enim
357 1659 391 1700 re
426 1659 553 1701 uersum
578 1638 736 1721 duplicem
760 1637 944 1703 Saturnium
968 1663 986 1703 a
1010 1641 1132 1704 duobus
1155 1641 1309 1705 trimetris

139 1751 268 1816 differre
303 1753 331 1816 si
364 1752 567 1817 hemistichia
602 1757 656 1817 aut
679 1754 763 1818 inter
786 1777 819 1818 se
843 1755 960 1819 similia
984 1760 1089 1819 essent
1113 1756 1224 1819 autin
1248 1757 1309 1821 alio

137 1889 234 1932 uersu
259 1869 352 1932 aliter
375 1869 632 1952 discreparent?''

247 1982 334 2059 Quae
359 1985 482 2048 ”ratio''
507 2007 618 2049 uereor
640 2007 680 2048 ne
703 2007 786 2049 uana
810 1987 860 2049 sit.
907 2008 981 2050 nam
1005 1988 1100 2050 etiam
1123 1989 1214 2071 paria
1230 1989 1309 2070 cola,

138 2101 215 2165 dum
250 2101 334 2164 inter
367 2123 400 2164 se
425 2105 500 2184 apta
524 2101 588 2164 sint
611 2101 693 2165 serie
716 2102 954 2185 percussionum
979 2103 1129 2167 continua
1154 2109 1186 2168 et
1209 2105 1310 2169 inter-

136 2215 234 2280 uallis
258 2216 417 2295 distincta,
441 2217 590 2301 coniungi
614 2220 746 2300 possunt
768 2219 814 2281 ita
837 2223 872 2281 ut
895 2241 993 2282 unum
1017 2241 1144 2282 uersum
1161 2221 1308 2286 efficiant.

138 2332 225 2415 quod
259 2331 305 2395 ita
340 2354 408 2396 esse
442 2333 612 2396 ostendunt
646 2332 775 2415 plurimi
802 2334 981 2397 tetrametri
1004 2335 1157 2398 trochaici
1181 2337 1310 2401 iambici

138 2448 336 2529 anapaestici
371 2448 480 2512 cretici
515 2447 689 2513 bacchiaci.
736 2471 776 2512 an
810 2471 939 2512 necesse
971 2451 1075 2514 estin
1100 2451 1175 2514 duos
1200 2474 1309 2515 uersus

139 2562 284 2626 diuidere
318 2563 416 2627 hunc:
451 2566 541 2628 tuos
575 2564 767 2644 inclama,
802 2565 863 2628 tsi
899 2565 1156 2649 delinquont:
1194 2562 1197 2652 Ι
1236 2573 1309 2651 ego

139 2678 237 2762 qnid
260 2701 317 2742 me
341 2679 471 2743 uelles
495 2681 719 2744 uissebarn?
739 2684 794 2745 aut
814 2681 913 2746 hunc:
938 2683 1182 2746 contundam
1199 2683 1310 2748 facta

139 2793 342 2858 Talthubi
365 2791 721 2880 {contemnamque
745 2796 871 2859 omnis
896 2798 1085 2860 nuntios?
1109 2797 1205 2880 quid?
1227 2799 1309 2880 quod

138 2909 286 3006 Sappho.
304 2910 364 2975 hoc
398 2915 534 2975 metrum
569 2912 683 2995 ipsum,
718 2912 801 2994 quod
830 2912 1019 2975 damnarunt
1043 2911 1167 2976 Korsch
1191 2913 1309 2996 aliique

138 3027 317 3108 usurpauit.
363 3049 437 3090 nam
465 3028 636 3091 memoriae
665 3028 804 3111 prodidit
827 3026 1024 3110 Hephaestio
1047 3050 1079 3110 p.
1105 3030 1146 3092 56
1177 3027 1219 3090 W
1240 3051 1310 3092 earn

139 3163 179 3205 ex
206 3142 286 3206 binis
309 3141 528 3226 ithyphallicis
552 3143 665 3206 fecisse
689 3143 747 3206 hoc
771 3146 923 3206 metrum:

366 3256 453 3339 δεῦρο
477 3255 566 3342 dubie
588 3254 704 3319 Μοῖσαι
728 3295 769 3302 -
792 3259 922 3341 χρὺσεον
946 3258 1080 3319 λιποῖσαι

138 3477 256 3546 tioni,
280 3478 430 3548 heredi,
455 3479 649 3543 marmori,
673 3478 830 3548 nomini,
856 3479 976 3552 silici,
1002 3497 1128 3554 quornm
1146 3482 1172 3537 -ῑ
1186 3480 1310 3555 produci

139 3585 176 3624 ex
200 3584 234 3623 eo
261 3565 446 3642 intellegitur
469 3569 549 3642 quod
572 3568 661 3626 etiam
685 3568 824 3626 scribitur
847 3587 900 3642 per
923 3561 973 3628 -ei
996 3568 1214 3638 faenisioai‚
1230 3570 1310 3627 uir-

138 3655 257 3721 tutei‚
280 3675 311 3713 u.
336 3655 401 3714 Ind.
427 3655 490 3715 CIL
514 3655 538 3725 Ι,
562 3676 583 3714 n
613 3676 671 3716 non
688 3657 794 3725 dicam,
812 3658 891 3732 quod
907 3658 977 3716 olim
994 3651 1019 3714 -i
1045 3659 1136 3716 breue
1162 3658 1310 3716 uocabula

138 3745 236 3801 multa
266 3744 359 3802 latina
382 3745 605 3808 terminauerat‚
630 3745 659 3803 id
682 3746 801 3805 solitum
826 3765 887 3804 esse
910 3747 944 3804 iis
969 3746 1117 3804 aetatibus
1141 3766 1217 3822 quae
1233 3747 1310 3805 litte-

138 3851 242 3891 rarum
265 3834 462 3892 monumentis
486 3833 569 3892 nobis
593 3837 663 3892 sunt
686 3835 814 3910 cognita,
837 3855 891 3910 per
913 3835 937 3892 Ε
961 3837 1091 3894 litteram
1116 3841 1146 3894 et
1169 3836 1256 3894 scribi
1281 3839 1312 3894 et

139 3921 294 3997 appellari.
341 3941 411 3999 ergo
431 3923 472 3981 sic
495 3926 596 3982 statuo
620 3924 766 3982 ablatiuos
789 3925 864 3982 tales
881 3925 976 4000 qualis
999 3921 1111 4000 patre
1135 3944 1196 3984 esse
1220 3928 1250 3983 et
1273 3925 1310 3983 ab

138 4011 270 4070 locatiuo
305 4014 335 4069 et
369 4012 405 4070 ab
433 4012 667 4082 instrumentali;
698 4015 772 4072 tales
797 4016 896 4071 autern
920 4014 1015 4088 qualis
1039 4016 1149 4088 parti
1173 4012 1310 4089 (parte)

139 4118 202 4158 esse
224 4099 263 4170 'ab
287 4101 420 4160 ablatino
444 4105 474 4158 et
497 4102 533 4159 ab
557 4102 686 4161 locatiuo
709 4107 740 4160 et
763 4102 799 4160 ab
820 4102 1040 4160 instrumentali
1055 4121 1157 4160 earum
1174 4102 1311 4177 stirpium

140 4207 218 4263 quae
241 4188 271 4246 in
294 4188 309 4246 I
333 4189 480 4257 desinunt,
505 4209 629 4267 eamque
652 4192 771 4267 longam
795 4190 1045 4261 terminationem,
1071 4191 1207 4267 analogia
1229 4193 1311 4250 ultro
1398 4260 1402 4271 ι

139 4277 275 4352 citroque
298 4283 439 4354 uagante,
463 4280 639 4338 translatam
663 4299 724 4338 esse
747 4280 897 4338 interdum
920 4280 950 4337 in
974 4281 1100 4338 alterum
1123 4299 1227 4356 genus,
