2910 4778
560 336 630 383 OAP.
648 337 718 383 VIII.
1102 338 1225 386 CLXXXI

163 507 225 571 Pro
249 505 447 594 appendice
465 507 540 572 huic
563 509 742 592 quaestioni
765 532 829 574 non
853 509 992 574 alienum
1016 511 1077 574 erit
1100 510 1147 574 ita
1170 512 1228 574 ad·

55 623 132 688 dere
156 645 267 687 uersus
291 624 443 707 quosdam
468 624 687 708 prouerbiales
704 623 907 705 Graecorum,
931 631 966 690 ut
989 627 1022 690 in
1046 626 1136 691 breui
1154 648 1228 690 con·

19 786 28 801 .
54 742 167 825 spectu
190 762 306 823 ponam
331 761 413 823 quae
444 739 564 803 fuerint
586 740 620 804 in
644 742 755 806 eodem
779 763 897 827 genere
921 740 1051 808 Graecis
1074 742 1227 805 formae

53 877 321 920 numerorum.

164 971 224 1036 Est
259 971 344 1035 enim
377 972 533 1056 pectoralis
568 973 723 1056 quaedam
752 973 812 1037 hac
848 995 971 1056 quoque
995 973 1028 1036 in
1052 995 1085 1037 re
1109 972 1228 1037 Roma-

55 1109 170 1150 norum
205 1091 237 1150 et
272 1085 467 1151 Graecorum
502 1088 686 1152 similitudo.
734 1089 913 1172 quicunque
949 1088 1033 1152 enim
1055 1089 1229 1153 latinorum

55 1203 297 1285 prouerbiorum
333 1203 456 1286 proprii
489 1207 562 1267 sunt
584 1203 746 1287 simplices
769 1204 903 1284 numeri,
927 1204 1023 1268 iidem
1047 1204 1114 1269 fere
1137 1205 1229 1270 inue-

55 1319 188 1382 niuntur
221 1319 264 1382 in.
288 1319 422 1403 graecis.
469 1320 523 1383 sed
548 1341 700 1403 magnum
723 1323 831 1383 tamen
855 1320 1025 1383 intercedit
1049 1320 1229 1385 discrimen.
1318 1393 1322 1403 ¹

57 1456 131 1499 uam
154 1435 187 1497 in
210 1435 374 1498 monocolo
398 1457 517 1519 genere
541 1458 689 1499 uersuum
714 1436 972 1519 prouerbialium‚
998 1436 1036 1499 de
1060 1459 1122 1519 quo
1145 1458 1229 1500 nunc

55 1550 175 1634 agitur,
199 1551 294 1613 multo
316 1550 543 1634 frequentiores
566 1558 640 1614 select
662 1573 773 1614 uersus
797 1543 989 1635 arcapocstici
1013 1551 1150 1633 Graecis,
1167 1552 1229 1616 Ro·

54 1667 160 1728 manis
194 1666 318 1729 iambici
352 1674 379 1729 et
413 1667 571 1731 trochaici.
617 1667 696 1730 illud
731 1668 862 1731 minoris
897 1667 1048 1732 momenti
1074 1669 1228 1751 estquod

53 1783 207 1846 uersiculi
230 1783 278 1845 illi
301 1784 541 1867 prouerbiorum
565 1784 620 1866 qui
643 1783 789 1847 ultimam
812 1783 919 1847 thesin
938 1806 1001 1847 uon
1016 1783 1229 1866 supprimunt,

53 1920 136 1982 quos
161 1899 342 1962 maiusculis
366 1898 482 1962 litteris
507 1897 536 1962 A
561 1901 593 1962 et
616 1898 644 1962 B
668 1900 795 1984 signare
818 1899 912 1979 soleo,
934 1898 1063 1964 Graecis
1080 1922 1138 1982 pro
1155 1923 1231 1982 por-

52 2014 144 2077 tione
168 2015 334 2096 pauciores
359 2017 450 2078 erant
473 2036 568 2097 quam
592 2013 754 2079 Romanis,
794 2068 798 2076 .

165 2128 377 2204 Qiiamobrem
412 2153 493 2213 quae
529 2131 674 2215 gentium
710 2154 817 2194 earum
842 2132 1021 2214 prouerbiis
1045 2135 1093 2195 est
1116 2131 1228 2194 simili-

52 2246 134 2309 tudo
167 2267 381 2324 numerorum‚
417 2268 488 2310 eam
522 2269 586 2310 non
621 2248 661 2310 ab
694 2247 795 2311 altera
819 2247 912 2310 alteri
937 2248 1068 2326 illatam,
1095 2248 1230 2310 fortusse

53 2363 97 2426 ab
123 2361 344 2444 antiquissima
367 2362 517 2426 societate
547 2363 800 2446 cognationeque
826 2363 954 2426 ductam
977 2363 1066 2426 illam
1089 2363 1230 2446 quidem,

56 2478 115 2541 sed
150 2478 359 2560 probabiliter
393 2501 451 2561 per
484 2501 518 2542 se
554 2483 664 2560 sponte
693 2481 725 2542 in
750 2483 884 2562 utraque
909 2484 1004 2563 gente
1028 2482 1136 2541 nutam
1161 2500 1230 2542 esse

56 2593 218 2658 existimo.
264 2594 409 2677 proxime
433 2594 518 2657 enim
549 2596 588 2657 ad
612 2596 788 2658 orationem
812 2616 1050 2678 sermonemque
1074 2595 1231 2664 accedunt

56 2710 183 2772 numeri
217 2709 265 2772 illi
300 2709 455 2773 breuiculi
490 2710 542 2773 uel
577 2711 927 2794 iambico-anapaestioi
962 2711 1014 2774 uel
1049 2709 1229 2773 trochaico·

57 2825 220 2908 dactylici.
275 2826 374 2908 quid?
398 2827 664 2909 quemadmodum
686 2827 718 2889 in
754 2830 861 2890 nostra
897 2831 992 2910 gente
1026 2826 1107 2890 illud
1142 2826 1229 2888 Mor-

54 2941 215 3023 porrectiori
237 2941 298 3004 lror
330 2941 408 3025 pulc
430 2943 443 3004 i
466 2942 564 3005 nitran
587 2942 622 3021 (i.
646 2965 673 3005 e.
698 2942 793 3006 Mane
816 2964 912 3007 manu
936 2964 1047 3005 aurum
1071 2942 1177 3022 affert)
1197 2946 1229 3005 et

56 3078 141 3141 quae
176 3060 249 3120 sunt
273 3056 340 3119 eius
364 3057 491 3141 generis
528 3057 702 3140 antiquitus
731 3058 817 3121 dicta
840 3059 913 3121 sunt
936 3056 1085 3141 rhythmo
1106 3042 1230 3140 simpli·

57 3172 197 3251 sissimo,
222 3195 324 3236 nonne
348 3173 426 3236 item
449 3173 557 3236 Latini
581 3176 692 3256 sponte
716 3173 858 3236 inuenire
883 3177 915 3236 et
927 3196 985 3257 per
1000 3195 1033 3237 se
1049 3173 1128 3238 talia
1144 3195 1229 3238 com·

56 3310 177 3373 ponere
212 3289 305 3371 quale
340 3289 419 3353 illud
452 3288 604 3352 Mutuum
637 3290 719 3352 mccli
750 3275 879 3352 scobdnt
913 3289 1034 3372 pariter
1056 3293 1252 3373 potuerunt-

58 3426 97 3468 ac
122 3403 235 3468 Graeci
259 3400 313 3473 Εἷς
344 3400 418 3490 ἀνὴρ
442 3399 542 3474 οὐδεὶς
565 3401 663 3490 ἀνήρΡ
697 3405 782 3488 quod
806 3427 867 3488 quo
890 3405 994 3488 magis
1017 3405 1230 3488 perspiciatur

57 3541 144 3583 nune
167 3521 200 3582 in
223 3520 315 3584 breui
338 3524 509 3604 conspectu
525 3543 640 3604 ponam
653 3522 833 3603 prouerbio,
850 3524 1003 3608 quotquot
1019 3523 1103 3604 apud
1119 3543 1228 3604 paroe-

57 3634 263 3720 miographos
286 3637 404 3708 iuueni,
425 3659 506 3720 quae
534 3637 661 3720 quidem
688 3637 819 3720 antiqua
836 3659 904 3701 esse
920 3637 1099 3713 uideantur,
1116 3637 1231 3721 rhyth-

56 3753 143 3816 mica
167 3750 368 3817 Graecorum.
415 3754 508 3817 mitto
532 3754 572 3817 ob
594 3758 807 3816 eamcaus'am
825 3775 920 3836 quam
934 3753 998 3815 dixi
1015 3777 1047 3837 p.
1065 3750 1229 3816 CXLVIII

57 3868 233 3934 locutiones
257 3869 473 3952 prouerbiales
497 3891 579 3952 quae
601 3869 698 3952 longe
732 3869 906 3932 maximum
934 3868 1038 3932 locum
1061 3871 1173 3932 teuent
1196 3868 1230 3930 iu

59 3984 301 4049 collectionibus
326 3985 703 4070 paroemiographorum3
739 3985 868 4047 allecum
895 4007 932 4047 ea
955 3984 1124 4067 prouerbio
1147 4005 1229 4066 quae

58 4121 175 4186 graece
210 4108 334 4183 γνῶμαι,
359 4100 457 4164 latine
481 4100 658 4164 sententiae
682 4101 839 4163 dicuutur.
886 4099 978 4162 mitto
1003 4100 1098 4162 etiam
1121 4103 1229 4184 partes

58 4237 210 4280 uersuum
245 4239 264 4277 a
298 4216 400 4299 poetis
431 4220 583 4299 sumptas.
629 4215 838 4299 nequeenim
865 4215 964 4278 latina
988 4236 1088 4298 neque
1113 4236 1231 4299 graeca

57 4331 127 4396 ulla
160 4331 331 4414 prouerbio
364 4331 397 4395 id
425 4332 508 4415 quod
532 4332 713 4415 quaerimus
737 4334 868 4414 possunt
890 4330 1049 4394 illustrare
1073 4330 1134 4394 nisi
1157 4352 1231 4394 sen·
