2910 4778
250 311 335 358 GXXX
718 313 884 359 Exuviasvs
903 312 937 360 ΙΙ.

250 487 368 549 rator''.
414 485 493 548 haec
523 489 629 548 autem
654 487 815 569 inirojmu
830 489 929 566 nescio
947 489 1071 573 peculjo
1095 490 1228 573 rodjam
1252 490 1418 572 asperitate

250 602 367 664 similia
401 604 473 664 sunt
507 601 570 664 illis
605 602 740 685 Liup‘um
775 602 1023 688 LucjusScipjo
1047 616 1233 687 quaesunt
1257 607 1293 669 in
1317 606 1418 690 elogiis

251 716 444 801 Scipionum.
469 717 546 780 nulli
583 720 688 780 autern
713 740 822 781 uersus
846 716 987 782 Saturnii
1012 721 1188 804 quidquam
1215 722 1286 786 tale
1309 721 1421 786 habent

251 833 312 896 nisi
335 832 529 916 Scipionum,
554 833 693 895 onmium
717 834 884 916 asperrimi
902 836 936 916 ¹).

356 947 425 1013 Neo
456 971 532 1012 uero
555 970 629 1011 casu
654 948 772 1012 factum
796 972 864 1013 esse
889 951 1015 1015 uidetur
1038 956 1073 1015 ut
1096 953 1130 1016 in
1153 953 1195 1016 iis
1220 954 1280 1037 qui
1306 958 1419 1018 exstant·

251 1064 408 1130 Saturniis
430 1064 491 1128 hoc
515 1086 615 1147 genus
639 1065 789 1147 synizesis
813 1088 876 1129 non
900 1072 985 1130 esset
1008 1068 1068 1130 uisi
1092 1069 1125 1131 in
1149 1070 1341 1134 nominibus
1356 1092 1416 1153 pro-

252 1181 346 1264 priis;
370 1182 402 1243 iu
426 1181 540 1263 quibus
565 1181 664 1243 maior
687 1182 753 1244 fere
777 1181 908 1245 licentia
931 1187 1061 1266 propter
1083 1186 1181 1247 metri
1198 1186 1414 1250 necessitatem

252 1297 352 1380 poetis
375 1296 417 1359 sit
440 1317 596 1359 concessa.
644 1298 727 1379 quod
751 1298 848 1360 etiam
871 1300 904 1360 in
928 1300 1037 1362 metris
1072 1303 1280 1384 graecanicis
1309 1302 1413 1370 factum

253 1419 309 1477 ese.
356 1418 390 1475 a
424 1409 491 1475 om
527 1410 573 1474 rx
608 1415 693 1476 eoru
726 1383 844 1477 ‘'eails
868 1394 963 1478 uias
987 1415 1049 1479 aar
1072 1417 1162 1479 farus
1185 1418 1255 1482 aaa
1282 1418 1411 1503 occisa

254 1529 427 1594 Honestam
455 1528 555 1591 uitam
578 1529 676 1591 uixsit
699 1530 769 1611 pius
794 1534 826 1592 et
849 1530 1065 1613 splendidus''.
1112 1535 1198 1614 quod
1225 1503 1331 1600 Gaias
1352 1538 1370 1600 i.
1390 1560 1409 1599 e.

252 1644 333 1709 Gaia
369 1681 409 1688 —
444 1644 476 1706 in
505 1644 610 1727 lapide
636 1644 673 1708 0-
696 1645 849 1728 scriptum
875 1683 914 1690 -
939 1669 1015 1710 uoce
1039 1649 1300 1732 monosyllabum
1323 1653 1410 1716 estid

253 1781 316 1823 non
350 1760 475 1831 mirum,
500 1782 573 1822 nam
598 1761 623 1823 is
647 1760 758 1824 titulus
782 1762 929 1825 inuentus
953 1763 1057 1826 estin
1081 1763 1267 1847 Frentanis,
1292 1769 1326 1831 in
1347 1778 1420 1851 quu'

252 1900 323 1941 rum
357 1898 500 1941 sermone
535 1898 640 1939 oscam
674 1898 782 1940 uocem
815 1878 909 1940 etiam
935 1883 1001 1942 tum
1026 1884 1138 1943 octauo
1164 1883 1296 1948 saeculo
1319 1884 1411 1967 aliqua

253 1994 344 2078 quasi
378 1993 514 2076 uestigia
549 1993 703 2074 impressa
726 1992 844 2056 habere
868 1995 1016 2076 oportuit.
1063 1996 1097 2058 in
1120 1997 1201 2060 oscis
1228 2000 1357 2082 quidem
1377 2001 1410 2062 ti·

253 2111 328 2173 tulis
352 2109 583 2172 Frentanorum
607 2112 654 2171 est
681 2108 777 2171 Victis
801 2110 911 2184 (latine
936 2109 1064 2191 Vibius)
1088 2110 1117 2175 l·
1139 2110 1170 2176 I·
1193 2110 1225 2175 I·
1250 2116 1292 2178 83
1309 2119 1342 2179 et
1357 2114 1411 2178 Pa-

533 2245 617 2250 .-.—-.
639 2245 755 2250 ...-....-—--
796 2245 1124 2255 .——.--———.—
1130 2249 1410 2258 ..———...-‚.—....

367 2318 388 2393 ¹)
413 2322 563 2380 Lucianus
586 2321 746 2378 Muellerus
772 2315 836 2379 ’der
860 2316 1060 2381 Salurnisclic
1090 2318 1175 2381 Vers’
1199 2346 1233 2400 p.
1260 2326 1318 2385 19:
1337 2327 1409 2385 ’'Wie

254 2414 385 2472 bekannt
412 2412 510 2485 zeigen
536 2410 581 2467 die
605 2409 781 2467 Inschriften
806 2412 879 2467 aller
902 2410 1122 2472 Jahrhunderte
1146 2414 1196 2472 des
1222 2415 1410 2481 Alterthums

255 2522 313 2562 von
349 2502 400 2558 der
428 2501 578 2557 frithesten
603 2497 668 2556 Zeit
690 2498 735 2556 bis
759 2519 812 2556 aur
835 2503 993 2574 sptttesten,
1019 2520 1051 2559 so
1074 2501 1175 2577 htufig
1198 2505 1295 2578 grube
1318 2505 1410 2563 Fehler

255 2592 283 2649 in
308 2592 359 2648 der
381 2589 491 2646 Metrik
516 2618 555 2626 —
586 2621 619 2629 -
647 2588 737 2644 Manu
761 2607 840 2646 rnuss
865 2589 926 2647 also
950 2591 1057 2664 gerade
1080 2591 1130 2648 das
1150 2591 1410 2667 Umgekehrteron
1451 2658 1453 2663 ¹

254 2680 392 2738 Ritsohl’s
417 2679 618 2752 Behauptung
642 2677 806 2746 aufstellen‚
832 2678 898 2735 dass
922 2679 1049 2737 nt'unlioh
1073 2679 1119 2736 die
1140 2680 1327 2740 luschriften
1342 2684 1411 2741 mehr
1451 2684 1453 2689 ’

254 2769 422 2829 Freiheiten
445 2767 485 2823 im
509 2765 663 2823 Saturuier
686 2766 785 2823 bieten
809 2767 851 2823 als
876 2767 921 2824 die
946 2767 1144 2826 henknuhler
1168 2770 1222 2828 der
1244 2769 1409 2830 Litteratur.

255 2854 318 2917 ihre
352 2857 444 2914 Verse
467 2856 507 2912 im
528 2853 723 2929 'allgemeinen
748 2853 910 2912 schleohter
933 2856 998 2914 sind
1022 2859 1063 2914 als
1088 2858 1143 2915 die'
1158 2859 1208 2916 des
1233 2859 1340 2919 Liuius
1360 2859 1411 2918 und
1451 2846 1453 2851 ¹

255 2947 402 3006 Nauius&
450 2943 529 3019 quod
564 2962 635 3001 uero
672 2939 752 3000 Idem
779 2945 799 3002 l.
824 2963 848 3001 o.
872 2965 901 3019 p.
930 2944 1192 3004 manuninum
1218 2948 1270 3024 qui
1295 2949 1411 3027 elogium

256 3037 397 3111 Scipionis
432 3034 485 3091 filii
515 3032 639 3090 Barbati
667 3033 784 3107 scripsit
806 3033 964 3108 pessimum
988 3034 1077 3092 luisse
1099 3035 1281 3108 uersificum,
1306 3040 1336 3097 id
1357 3056 1413 3115 pro·-
1451 3074 1453 3079 .

257 3127 333 3183 lecto
369 3124 425 3181 dici
449 3123 536 3180 debet
560 3123 594 3179 de
617 3121 674 3179 illis
699 3122 793 3179 tribus
818 3122 868 3196 qui
892 3123 1027 3181 feceruut
1050 3125 1107 3181 tria
1131 3125 1229 3200 elogia
1252 3126 1410 3204 Scipionum
1451 3126 1453 3201 3

256 3213 469 3287 antiquissima.

308 3322 316 3339 ·
363 3300 486 3359 Constat
509 3304 609 3358 autem
626 3299 785 3374 dactylicos
801 3304 913 3374 poetas,
931 3319 1039 3375 eosque
1056 3301 1262 3378 elegantiores,
1277 3303 1310 3363 id
1332 3322 1410 3382 genus

256 3390 394 3466 synizesis
430 3390 597 3447 adhibuisse
631 3408 699 3446 raro
735 3389 799 3447 illos
835 3390 962 3463 quidem,
998 3391 1130 3449 sednon
1155 3392 1277 3451 omnino
1302 3394 1410 3470 fugisse.
1451 3382 1453 3393 ¹

257 3481 342 3538 uelut
377 3479 407 3535 in
441 3479 585 3553 principio
620 3478 782 3534 hexametri
805 3478 954 3553 Vergilius
979 3480 1052 3537 dixit
1074 3481 1192 3555 steljo
1219 3480 1254 3539 G.
1282 3483 1327 3541 IV
1349 3481 1408 3550 243,
1451 3466 1453 3505 l

256 3569 285 3626 in
321 3568 402 3625 exitu
429 3567 578 3625 quenalis
602 3566 749 3641 ludjum
774 3566 816 3622 VI
842 3567 892 3624 82.
940 3571 972 3625 et
995 3569 1136 3626 nonnulla
1160 3568 1235 3628 Luc.
1260 3572 1408 3641 Muellerus

257 3659 292 3715 de
328 3678 352 3714 r.
388 3677 428 3715 m.
463 3676 492 3731 p.
530 3657 591 3713 256
627 3674 691 3729 sqq.
728 3657 832 3714 attulit
859 3657 991 3732 exempla
1015 3658 1077 3716 eius
1099 3658 1217 3734 generis
1242 3662 1326 3735 quod
1347 3676 1409 3719 nuno

258 3747 422 3822 quaeritur,
459 3746 538 3819 quod
565 3744 695 3819 positum
719 3745 815 3802 estin
840 3746 854 3803 I
878 3749 907 3802 et
929 3745 957 3802 V
980 3746 1087 3804 litteris
1111 3765 1177 3805 cum
1201 3750 1305 3808 uocali
1326 3748 1407 3809 termi-

256 3836 383 3895 nationis
418 3834 702 3909 colliquescentibus.
749 3834 820 3893 haec
855 3834 930 3892 addo
965 3834 1154 3910 appellabas,
1178 3855 1250 3894 narn
1276 3839 1312 3897 de
1334 3836 1407 3898 noni·

257 3925 343 3983 nibus
378 3924 503 4000 propriis
535 3942 602 3981 mor
626 3923 731 3981 dicam.
777 3922 913 3981 Sedulius
938 3943 962 3982 c.
987 3924 1090 3983 Pasch.
1115 3925 1129 3980 I
1154 3924 1217 3981 278
1243 3920 1342 3987 Hold.
1362 3926 1407 3985 de-

257 4015 397 4089 narjos.
444 4013 609 4070 Veneni-ius
644 4010 676 4068 O.
712 4011 742 4069 ll
778 4014 806 4068 2.
844 4011 901 4081 283
939 4014 971 4069 o:
1006 4015 1045 4070 22
1081 4014 1270 4088 pretjum‚
1296 4008 1410 4075 siclae

257 4097 442 4162 dubitanter.
482 4101 626 4176 Oorippus
649 4100 712 4159 loh.
736 4101 783 4159 HI
800 4102 863 4159 504
880 4095 998 4159 Perseo.
1022 4101 1252 4178 tribunicja.
1294 4108 1407 4164 ceterum

258 4193 293 4251 de
328 4192 452 4267 synizesi
487 4192 517 4248 in
540 4189 746 4248 terminatione
770 4186 851 4247 -c'uru
875 4190 1007 4248 adhibita
1031 4193 1067 4250 ct'.
1092 4190 1214 4250 Lachm.
1240 4193 1411 4253 adhaeret

257 4280 272 4339 Ι
294 4302 323 4357 p.
351 4281 410 4338 131
437 4284 467 4338 et
491 4279 570 4348 1933
595 4278 770 4338 ltitschelius
794 4298 841 4354 op.
866 4280 896 4338 ΙΙ
921 4280 994 4338 598.
1342 4274 1349 4287 ’
