2910 4778
626 293 695 339 CAP.
714 294 757 340 VI.
777 292 791 347 θ’
811 295 834 339 6.
1172 290 1312 339 LXXXVII

133 468 177 528 ct
201 463 376 528 accusatiui
399 464 549 547 produxit
571 468 641 549 post
663 465 792 549 longam
812 465 1058 548 paenultimam
1075 463 1162 527 uocis
1179 484 1312 546 propar-

141 584 304 664 oxytonae
338 580 384 643 ita
418 579 589 663 productae
625 584 715 644 extra
750 602 911 644 caesuram
948 603 1045 644 unum
1081 602 1131 662 ap.
1160 579 1310 647 Ennium.

138 695 271 759 nullum
303 695 366 759 nisi
399 695 432 759 in
466 716 582 780 graeco
616 696 741 760 nomine
766 719 816 779 ap.
840 694 1024 759 Terentium
1049 696 1229 778 exemplum
1253 697 1310 758 est.

141 810 179 874 in
214 812 328 875 ceteris
363 811 556 875 carminibus
590 811 675 876 illius
710 811 823 875 aetatis
853 833 955 895 pauca
978 814 1053 875 sunt
1075 811 1221 894 exempla
1245 811 1312 874 eius

138 924 362 1009 ‚productionis
385 927 419 990 in
441 926 574 991 uocibus
597 927 860 1011 proparoxytonis
884 928 998 1008 factae,
1016 950 1125 992 eorum
1142 928 1199 990 uix'
1212 926 1312 991 ullum

142 1043 305 1107 recentius
328 1043 484 1126 principio
507 1043 624 1108 saeculi
648 1044 785 1126 septimi,
809 1044 930 1108 nullum
954 1066 1031 1108 uero
1048 1043 1228 1126 exemplum
1245 1043 1312 1107 eius

140 1158 361 1241 productionis
383 1159 488 1223 factae
511 1159 544 1222 in
568 1181 644 1223 uoce
668 1159 864 1243 paenultima
888 1160 994 1244 longa.
1040 1159 1116 1223 licet
1131 1159 1232 1244 igitur
1248 1160 1313 1222 for-

141 1279 230 1338 tasse
254 1274 299 1338 sic
322 1275 473 1339 scandere
496 1297 527 1338 u.
552 1276 571 1338 2
596 1275 693 1359 elogii
716 1275 751 1339 P.
776 1274 933 1359 Scipionis

307 1390 414 1455 ”Mors
437 1391 574 1474 perfecit
595 1394 651 1455 tua
674 1393 709 1454 ut
732 1395 834 1455 essent
879 1392 1008 1455 dmnia
1031 1391 1177 1467 breuia;''

139 1508 179 1569 at
202 1506 364 1570 nonlicet
387 1506 418 1569 in
443 1508 554 1570 eodem
578 1507 681 1591 elogio
704 1508 855 1571 scandere
879 1508 939 1572 sic:

307 1619 425 1686 ‘’honds
449 1622 554 1686 fama
577 1622 741 1707 uirtusque
766 1618 794 1707 Γ
821 1659 860 1667 -

139 1754 204 1801 nec
231 1738 291 1802 sic:

307 1855 391 1937 ”qua
414 1876 449 1917 re
472 1854 584 1918 lubens
607 1858 639 1918 te
664 1855 832 1938 ingremin,
856 1855 972 1938 scipio,
997 1855 1111 1937 recipit

306 1967 448 2048 Terra,
472 1969 568 2035 Publi
590 1974 781 2054 prognatum
826 1970 940 2035 Priblid
964 1970 1122 2035 Corneli'’.

142 2106 204 2148 nec
229 2085 263 2147 in
287 2084 401 2170 lllogio
424 2085 461 2148 L.
487 2085 627 2150 Cornelii
651 2086 707 2151 Cn.
732 2088 754 2151 f.
779 2085 935 2171 Scipionis

308 2201 435 2284 ’'quoiei
459 2201 546 2265 uita
570 2202 687 2267 defecit
712 2198 715 2287 ί
744 2200 820 2278 ·-”;

140 2316 208 2380 nisi
232 2316 312 2379 forte
337 2317 407 2399 quis
430 2319 523 2400 putat
542 2317 638 2381 licere
661 2318 804 2382 uocalem
829 2319 960 2381 breuem
983 2317 1078 2381 medii
1102 2317 1162 2381 coli
1179 2317 1312 2380 saturnii

143 2434 216 2516 ipso
251 2434 316 2496 ictu
350 2433 535 2515 producere,
570 2456 664 2517 quam
699 2434 888 2497 sententiam
924 2433 1078 2497 refutasse
1108 2433 1219 2496 uideor
1254 2432 1314 2495 hac

142 2550 294 2613 uniuersa
329 2549 478 2612 editione.
514 2571 591 2633 ergo
625 2550 814 2633 relinquitur
837 2552 873 2613 ut
900 2550 1020 2613 exitum
1043 2549 1133 2612 illum
1159 2548 1254 2631 elogii
1278 2548 1314 2611 P·

138 2663 303 2747 Scipionis
327 2665 513 2728 scandamus
537 2665 582 2727 sic

206 2801 269 2862 qua
293 2781 326 2842 re
349 2779 461 2844 lubens
484 2783 516 2843 te
541 2780 710 2865 ingre'miu‚
756 2778 911 2863 Scipio,
936 2781 1088 2863 re'cipit
1111 2778 1254 2857 Terra,

205 2894 327 2958 Publi
350 2896 592 2979 prdgnritum
639 2895 752 2959 delid
776 2895 910 2959 Corneli.

254 3107 271 3189 ἓ
297 3110 327 3172 7.
373 3108 416 3172 Et
449 3108 509 3172 hac
544 3110 672 3192 quidem
707 3109 919 3192 disputatione
949 3111 1180 3172 demonstrasse
1203 3108 1317 3171 uideor

141 3224 269 3287 nullum
305 3246 411 3287 eorum
446 3226 659 3289 saturniorum
694 3247 842 3288 uersuum
873 3224 927 3307 qui
958 3224 1024 3286 sine
1054 3224 1199 3286 anacrusi
1224 3247 1243 3286 a
1266 3245 1316 3286 me

142 3341 341 3404 scanduntur
364 3361 456 3424 posse
481 3362 538 3423 per
561 3341 728 3404 anacrusin
752 3340 861 3403 scandi
885 3339 947 3402 nisi
970 3360 1042 3402 cum
1066 3339 1172 3422 aliquo
1195 3339 1316 3401 incom-

143 3456 240 3519 modo
256 3460 312 3519 aut
328 3454 544 3539 discriptionis
560 3460 615 3520 aut
631 3457 676 3519 rei
693 3456 822 3519 criticae
839 3457 895 3518 aut
913 3455 1077 3536 prosodiae
1093 3457 1149 3517 aut
1163 3453 1316 3537 rhythmi.

144 3593 205 3635 nec
240 3571 344 3656 fugiet
378 3593 570 3655 quemquam
594 3572 690 3634 etiam
713 3573 797 3634 inter
821 3593 873 3634 eos
897 3591 1007 3633 uersus
1031 3570 1086 3652 qui
1110 3592 1128 3631 a
1152 3591 1202 3632 me
1226 3590 1317 3632 scan-

143 3687 265 3750 duntur
299 3709 356 3770 per·
391 3687 558 3750 anacrusin
594 3687 717 3770 aliquos
752 3709 819 3750 esse
856 3686 911 3769 qui
946 3669 1043 3749 etiam
1078 3686 1146 3748 sine
1171 3685 1317 3747 anacrusi

142 3803 257 3867 scandi
275 3803 405 3886 possint.
445 3825 542 3866 unum
558 3803 686 3884 nomino
703 3804 741 3867 de
758 3802 872 3887 Elegio
888 3800 1045 3885 Scipionis
1062 3800 1205 3878 Barbati,
1223 3799 1317 3883 Elog.

144 3922 177 3982 2.
204 3920 223 3980 2
261 3918 464 3982 ''Gnaiudd
494 3921 611 4001 patre
639 3920 842 4002 prognatum.
889 3917 978 3981 fdrtis
1011 3920 1061 3980 uir
1095 3916 1318 3998 sapiensque'',

144 4018 240 4118 quem
273 4034 327 4097 diu
351 4034 460 4098 dubito
484 4038 589 4097 utrum
613 4034 721 4097 scandi
745 4036 890 4117 oporteat
914 4055 971 4116 per
996 4032 1163 4096 anacrusin
1187 4053 1227 4093 an
1251 4031 1318 4093 sine

144 4150 294 4213 anacrusi
318 4150 351 4212 in
374 4149 458 4213 hunc
482 4151 626 4214 modum:
658 4147 861 4213 ''Guaiuod
886 4148 1004 4230 patrie
1028 4144 1241 4230 prognatum'
1267 4182 1319 4209 —.
