2910 4778
226 305 304 353 cm
679 305 724 351 DE
743 304 950 351 SENTENTIIS.

334 477 493 560 Deinceps
517 500 729 542 commemoro
752 477 916 541 Sartonam
940 478 998 557 ius,
1022 497 1148 541 surrnrru
1165 475 1309 557 inirtriu,
1325 476 1406 539 cuius

226 593 411 678 rhythmum
446 593 616 658 Terentius
649 617 711 677 quo
734 594 856 657 laceret
879 592 1055 656 molliorem
1080 591 1333 675 includeretque
1355 614 1406 674 ap·

226 710 289 774 tius
325 710 451 774 senario
474 710 581 774 uerbis
605 709 737 793 paulum
760 710 892 773 mutatis
917 709 999 772 dixit
1023 707 1140 772 Heaut.
1167 705 1220 772 IV
1247 710 1281 772 5.
1304 709 1345 772 47
1368 737 1402 761 =

229 827 291 890 795
319 824 460 889 ”Verum
484 825 573 903 illud,
598 825 760 903 Chremes,
785 824 922 890 Dicunt:
954 827 1005 888 ius
1026 845 1188 888 sumtuum
1210 824 1310 910 sdepe
1329 844 1402 888 sura·

229 950 310 1008 encrat
332 943 491 1007 rrrctlitiffl.
537 963 573 1007 ac
604 965 643 1005 ne
668 942 739 1024 quis
762 942 872 1006 credat
895 940 1080 1006 Ciceronem
1103 941 1144 1004 de
1168 941 1225 1006 off.
1251 939 1270 1005 l
1295 943 1344 1006 10.
1367 942 1402 1006 33

228 1081 300 1122 cum
317 1059 422 1121 -dicat
457 1057 618 1121 Suanorum
655 1059 706 1120 ius
728 1078 851 1120 surumu·
876 1058 997 1119 laicatu
1019 1057 1141 1121 factum
1166 1078 1240 1121 esse
1264 1057 1330 1120 iam
1351 1077 1402 1120 usu

227 1175 339 1238 tritum
374 1174 590 1257 prouerbium,
625 1174 761 1237 uoluisse
797 1174 897 1237 uerba
919 1171 1071 1251 Terentii,
1095 1173 1189 1255 quasi
1215 1195 1258 1237 ea
1283 1173 1399 1256 paulum

228 1294 377 1366 mutaret,
401 1290 515 1353 afferre
540 1293 572 1352 et
595 1311 656 1352 non
681 1289 887 1371 prouerbium
912 1310 1088 1367 commune,
1112 1310 1154 1352 ex
1176 1289 1252 1352 loco
1277 1288 1333 1353 illo
1348 1286 1402 1351 Tc·

228 1406 323 1469 rentii
360 1406 559 1489 intellegitur
587 1428 626 1467 nc
650 1404 835 1468 Terentium
859 1404 989 1487 quidem
1012 1404 1110 1467 fuisse
1134 1405 1206 1468 eius
1231 1404 1401 1468 sententiae

229 1523 438 1598 inuentorem,
474 1522 529 1584 secl
565 1542 733 1602 usurpasse
769 1521 801 1583 id
837 1521 920 1603 quod
955 1521 989 1582 in
1023 1520 1233 1604 prouerbium
1259 1520 1400 1583 uenisset

228 1639 340 1701 eadem
365 1637 465 1721 igitur
489 1636 648 1699 sententia
671 1635 883 1718 prouerbialis
907 1640 955 1698 est
979 1635 1064 1699 dicta
1088 1635 1184 1698 aliter
1208 1659 1230 1698 a
1246 1634 1404 1712 Terentio,

229 1754 323 1817 aliter
357 1776 376 1816 a
407 1752 571 1816 Cicerone.
619 1773 677 1815 nec
701 1756 808 1814 tamen
833 1753 917 1834 apud
941 1751 1137 1829 Terentium,
1163 1752 1221 1814 sed
1246 1752 1334 1834 apud
1356 1749 1404 1814 Ci-

229 1891 376 1947 peronem
411 1867 509 1932 habet
544 1890 613 1930 earn
638 1868 778 1950 speciem
802 1867 871 1930 ueri
895 1867 1056 1950 prouerbii
1080 1889 1162 1950 quae
1187 1870 1222 1930 et
1245 1868 1280 1930 in
1304 1867 1403 1931 uerbis

228 1985 307 2068 ipsis
343 1988 375 2047 et
409 1984 442 2047 in
477 1984 686 2047 collocatione
721 1985 892 2047 uerborum
923 1983 1056 2046 eluceat.
1104 1982 1210 2065 qualis
1236 1983 1340 2067 igitur
1362 1986 1406 2046 est

230 2101 314 2183 apud
339 2100 532 2178 Ciceronem,
556 2100 653 2162 talem
680 2122 747 2162 eam
773 2100 973 2163 sermonibus
996 2099 1160 2163 hominum
1184 2098 1266 2162 ferri
1282 2099 1403 2163 solitam

230 2238 298 2280 esse
334 2215 579 2278 existimandum
616 2219 674 2278 est.
722 2216 805 2298 quod
840 2237 903 2298 quo
938 2215 1042 2299 magis
1072 2214 1293 2296 perspiciatur
1316 2236 1403 2298 quam

230 2332 324 2396 facile
360 2332 393 2394 in
429 2353 567 2412 errorem
591 2331 760 2393 inducatur
783 2331 881 2414 siquis
905 2331 1149 2413 prouerbiorum
1171 2330 1298 2394 formas
1322 2330 1404 2414 prin·

229 2449 349 2531 cipales
374 2451 429 2510 aut
454 2447 586 2509 usitatas
612 2446 811 2528 potissimum
835 2448 1026 2530 repetendas
1050 2468 1119 2509 esse
1143 2450 1278 2510 censeat
1303 2470 1323 2510 a
1339 2469 1402 2509 uer·

230 2565 316 2628 sibus
343 2567 520 2646 poetarum,
545 2564 626 2626 addo
650 2562 724 2626 huic
749 2564 894 2646 exemplo
918 2564 1053 2627 alterum
1073 2562 1107 2644 ¹).
1154 2561 1293 2626 Plautus
1318 2562 1403 2627 Truc.

224 2681 294 2743 885
320 2679 390 2744 Sole.
415 2678 619 2761 prouerbium
644 2678 739 2741 metri
764 2701 858 2741 causa
882 2678 998 2741 leuiter
1020 2678 1172 2741 mutauit:
1200 2677 1400 2753 ''Verumst'',

230 2796 344 2878 inquit,
382 2796 537 2858 ”uerbum
572 2795 655 2877 quud
690 2799 900 2858 memoratur:
936 2774 1013 2856 ’litt
1046 2795 1173 2858 utilioris
1207 2794 1323 2858 ibidem
1350 2795 1403 2857 esse

231 2938 743 2946 ——-.——-—-—---.——...---...
766 2939 774 2943 ..
811 2939 913 2944 ....--....
931 2939 937 2944 .
957 2939 989 2944 .....
1002 2937 1159 2944 .....-.---..

344 3020 368 3098 1)
394 3025 458 3083 Hoc
481 3027 547 3083 loco
570 3044 628 3082 non
653 3024 710 3080 erit
734 3024 862 3080 alienum
891 3042 1033 3098 quaerere
1063 3023 1134 3097 quid
1159 3022 1313 3097 significet
1335 3022 1398 3081 illud

235 3114 322 3169 uetus
357 3108 472 3170 (lictum
507 3114 555 3170 uel
580 3114 669 3170 ostris
694 3107 819 3169 uerbum
844 3115 893 3171 uel
919 3115 1006 3170 uetus
1028 3114 1077 3169 nel
1102 3131 1179 3186 quae
1204 3112 1270 3170 eius
1294 3111 1398 3188 generis
1440 3144 1444 3149 -

235 3221 251 3256 a
275 3201 473 3275 scriptoribus
497 3202 541 3258 ita
565 3202 764 3277 appellantur.
812 3221 888 3275 quae
913 3202 1126 3276 appellationes
1144 3219 1205 3258 non
1223 3207 1270 3260 est
1286 3201 1398 3260 dubium

234 3288 307 3364 quin
343 3294 373 3346 et
408 3291 577 3366 aptissimae
612 3291 672 3348 sint
707 3290 742 3348 iis
778 3291 864 3348 dictis
896 3309 1025 3365 quorum
1049 3291 1114 3347 sons
1137 3290 1178 3347 sit
1201 3294 1355 3349 uetustate
1374 3289 1397 3346 in

234 3378 415 3436 obliuionem
452 3381 598 3437 adductus
634 3399 686 3436 nec
721 3380 793 3438 satis
829 3383 916 3454 aptae
948 3379 1023 3438 aliis
1048 3380 1152 3454 itaque
1176 3381 1260 3453 quod
1284 3379 1397 3437 Plautus

220 3468 394 3543 'prouerbia
420 3469 548 3525 referens
572 3469 688 3543 saepius
712 3469 870 3543 adscripsit
895 3472 991 3526 'uetus
1016 3468 1150 3537 dictnm’,
1170 3471 1293 3538 ‘uetus’‚
1313 3471 1398 3526 ’uetus

235 3557 315 3631 quod
352 3560 544 3614 memoratur'
581 3561 610 3615 et
645 3576 720 3630 quae
755 3562 826 3615 snut
861 3557 922 3615 eins
954 3557 1080 3633 generis,
1106 3557 1217 3632 quibus
1241 3555 1397 3633 prouerbiis

233 3646 305 3702 talia
330 3645 497 3719 adscripsit,
521 3664 555 3701 ea
578 3645 640 3703 sine
664 3645 755 3704 dubio
778 3647 906 3720 sumpsit
922 3665 981 3704 non
997 3666 1031 3702 ex
1047 3646 1185 3703 uersibus
1203 3647 1395 3705 scaenicorum

235 3734 449 3804 Romanorum,
474 3734 677 3791 sedaliunde.
724 3735 848 3792 uixdum
873 3735 950 3792 enirn
976 3736 1055 3793 ullae
1079 3734 1249 3793 comoediae
1274 3740 1329 3793 ant
1349 3737 1399 3791 trs·
1439 3770 1441 3775 ·

234 3823 356 3896 goediae
391 3823 504 3879 latinae
532 3823 656 3881 fuerunt
679 3824 730 3880 illa
755 3827 852 3881 aetate
876 3828 938 3881 tam
962 3828 1111 3893 uetustae,
1135 3827 1172 3882 ut
1195 3824 1340 3884 memoris
1361 3839 1398 3879 eo·

235 3931 302 3969 rum
327 3911 477 3969 obliuione
502 3912 737 3970 oblitteraretur.
785 3932 820 3970 ex
836 3914 987 3970 comoedia
1004 3917 1104 3970 antem
1121 3916 1278 3987 sumptum
1296 3914 1398 3971 dictura

238 4019 268 4057 se
293 4000 397 4058 afferre
420 3999 547 4058 Plautus
572 4000 678 4058 diserte
697 4001 771 4058 dixit
788 4002 876 4060 Truc.
894 4003 921 4056 V
939 4003 979 4059 39
994 4025 1035 4048 =
1050 4002 1111 4060 931
1132 3995 1204 4060 Sole.
1222 4002 1399 4060 ”Venitne

234 4088 272 4166 in
307 4092 468 4147 mentem
503 4088 576 4146 tibi
609 4090 707 4164 quod
730 4092 888 4148 uerbum
913 4091 950 4147 in
974 4112 1092 4149 cauea
1116 4090 1402 4150 dixithistrio'l

238 4170 360 4234 ’Omnes
384 4177 515 4234 homines
541 4179 578 4235 ad
602 4196 687 4236 suom
701 4173 868 4253 ¹quaestum
893 4180 1032 4238 calefiunt
1055 4180 1268 4238 fastidiunt’'’.
