2910 4778
555 343 756 393 MORTVORVM.

82 505 113 559 4.
301 488 451 588 Eloginn
478 489 515 570 P.
543 489 684 571 Cornelii
710 490 747 573 P.
775 491 800 572 f.
828 491 999 591 Scipionis

447 646 473 688 s.
504 624 554 690 Vl
571 647 618 690 ea.
642 633 698 690 aut
726 625 796 691 VH
815 627 860 690 a.

63 824 144 894 Quei
167 825 248 901 apice
270 825 385 902 Insigne
408 823 497 886 dialis
548 822 678 904 flaminis
700 829 836 906 gesistsi3

120 931 223 1005 Mors
251 931 404 1028 perfecit
431 937 498 1008 tua
525 939 569 1008 ut
597 934 724 1010 essent
778 924 906 1009 omniai
933 935 1076 1024 brocia,

119 1056 243 1147 honos
269 1057 371 1131 fama
399 1060 592 1154 uirtr'rsquc
646 1061 768 1156 gloria
795 1062 911 1156 atque
939 1059 1147 1155 ingenium.

122 1182 259 1275 quibus
286 1186 341 1256 sel
368 1183 407 1254 in
436 1184 551 1279 longai
577 1186 725 1259 licuiset
778 1187 858 1258 tibe
886 1183 990 1262 utier
1017 1190 1098 1258 ulta

119 1305 218 1379 facul
248 1307 380 1401 lacteis
412 1311 609 1404 superasses
662 1310 823 1405 gloriam
850 1313 1037 1386 maiorum
1212 1322 1237 1375 5·

121 1455 196 1526 qua
223 1429 265 1506 re
294 1431 428 1507 lubens
455 1439 495 1507 te
524 1433 724 1530 ingramiu
780 1436 915 1531 Scipio,
935 1436 1073 1531 recipit
1092 1434 1221 1522 Terra,

226 1558 348 1647 Publi,
378 1559 608 1654 prognatum
662 1560 809 1649 Publio,
839 1561 1000 1636 Corneli.

915 1713 1233 1726 -—-—fl—————

172 1785 207 1853 4.
253 1791 317 1850 CIL
341 1792 385 1850 VI
411 1791 506 1852 1288.
530 1793 545 1852 Ι
570 1794 620 1852 33.
646 1793 728 1853 PLM
752 1813 849 1853 xxx1x
873 1794 907 1852 F.
943 1794 1040 1853 antIca
1056 1793 1235 1870 sarcophagi

57 1900 99 1939 ex
122 1881 182 1957 lap.
207 1881 315 1940 albano
337 1901 400 1958 rep.
425 1901 452 1939 a.
476 1881 567 1953 1780,
592 1883 724 1942 nuncin
746 1903 822 1943 mus.
845 1883 937 1943 uatic.
965 1915 999 1926 -
1028 1882 1236 1942 Stichometria

57 1968 151 2029 huius
185 1970 268 2029 tituli
302 1974 348 2030 est
370 1971 516 2047 quaedam
539 1991 597 2030 non
620 1972 767 2041 uersibus,
791 1973 843 2031 ssd
866 1972 979 2049 exiguis
1002 1971 1169 2031 interstitiis
1193 1991 1236 2030 sa·

53 2058 239 2118 ·turuiorum.
285 2060 336 2118 sed
370 2078 443 2119 caue
476 2060 563 2119 nimis
597 2061 624 2119 ei
664 2061 708 2120 rai
729 2060 854 2130 tribuas,
878 2062 909 2119 in
931 2062 986 2120 hoo
1009 2060 1183 2137 pracsertim
1200 2060 1234 2119 ti·

56 2148 126 2207 tulo
161 2168 178 2205 a
210 2148 296 2208 fabro
318 2168 378 2209 non
401 2148 588 2209 callidissimo
611 2149 807 2226 inaequaliter
829 2150 931 2210 inciso.
977 2150 1174 2225 nequeenim
1198 2169 1231 2208 ea

58 2236 230 2296 discrimina
251 2237 478 2297 interstitiorum
504 2237 575 2298 certi
601 2243 672 2298 sunt
694 2242 748 2298 aut
771 2239 903 2298 distincti
918 2238 1017 2315 spatii.
1064 2258 1135 2316 ergo
1152 2254 1184 2298 u.
1202 2236 1232 2310 6,

53 2344 128 2384 oum
150 2330 180 2384 et
202 2325 375 2386 allitteratio
397 2326 580 2387 hemistichia
601 2327 726 2404 iungens
750 2326 802 2400 (re
828 2372 860 2387 ..
883 2320 922 2388 te
944 2361 978 2370 -
997 2328 1111 2404 recipit
1126 2320 1228 2396 terra)

56 2420 90 2474 at
112 2415 258 2474 sententia
281 2419 312 2473 et
334 2415 422 2474 metri
445 2435 512 2474 oum
535 2416 673 2492 prosodia
697 2435 862 2494 congruens
885 2416 963 2475 ratio
981 2447 1021 2456 -
1039 2415 1231 2491 nequeenim

62 2508 163 2564 tarra
187 2504 239 2562 illa
263 2506 360 2562 aetate
384 2505 520 2563 ultimam
536 2505 677 2581 produxit
694 2536 734 2545 -
750 2506 781 2564 id
796 2506 994 2582 postularent,
1012 2505 1230 2563 111661666-

54 2594 177 2660 iccium.
214 2612 396 2669 quamquam
429 2595 532 2670 paullo
566 2594 679 2653 minore
715 2595 876 2654 interstitio
912 2614 930 2651 a
952 2590 1075 2652 PVBLI
1099 2612 1233 2669 quama

55 2678 214 2742 REGIPIT
238 2682 338 2752 distat,
363 2683 400 2741 ab
423 2686 553 2758 utroque
577 2683 748 2742 distinctum
772 2687 894 2760 puncto,
919 2688 1018 2741 tamen
1042 2702 1110 2741 cum
1130 2680 1233 2740 REGI·

54 2768 120 2830 Pur
143 2770 315 2847 praedicato
338 2770 369 2829 in
391 2791 486 2830 unum
508 2791 629 2830 uersum
652 2772 830 2849 coniungere
854 2792 913 2831 non
936 2771 1083 2840 dubitaui,
1108 2777 1143 2829 ut
1168 2769 1232 2827 PV-

56 2859 126 2918 BLI
149 2861 276 2919 lacerem
298 2860 426 2918 uerbum
448 2879 553 2920 uorsus
576 2861 718 2937 postremi
740 2861 880 2937 primum.
908 2891 948 2899 -
978 2854 1014 2919 V.
1032 2856 1051 2918 1
1067 2859 1231 2918 minoribus

54 2949 164 3008 litteris
198 2949 236 3007 ab
271 2948 329 3007 alia
351 2969 442 3008 manu
465 2949 609 3025 scriptum
636 2953 704 3026 post
727 2951 863 3009 additum
886 2969 947 3008 esse
970 2949 1035 3008 iure
1058 2948 1233 3024 suspicatur

54 3036 256 3097 Buechelerus
281 3057 348 3095 ann.
372 3039 444 3114 phil.
471 3037 566 3097 1863.
592 3039 666 3096 329.
692 3068 731 3079 -
757 3037 927 3116 apiceim)
945 3036 1173 3114 insignem).
1192 3067 1232 3076 -

54 3143 89 3186 u.
116 3123 147 3186 3.
170 3127 287 3186 honos
311 3126 342 3184 in
366 3127 503 3186 anaor-usi
524 3147 579 3203 pro
602 3128 783 3204 pyrrhichio.
829 3127 872 3187 sio
894 3127 984 3186 fuisse
1010 3127 1060 3184 ”in
1084 3126 1231 3202 Pagone”

52 3216 159 3276 scribit
193 3215 290 3275 Varro
323 3216 344 3273 l.
378 3217 399 3276 l.
435 3214 494 3272 VII
528 3215 545 3286 ὅ
581 3216 621 3274 61
659 3213 798 3276 ’Honos
821 3212 993 3294 Syncerasto
1016 3215 1105 3291 pe'riit
1127 3213 1232 3290 pernis

52 3295 209 3382 glaudio.
233 3304 322 3379 quod,
358 3305 462 3381 opinor
496 3305 619 3364 ridicule
652 3305 765 3364 dictum
789 3308 834 3364 est
856 3305 944 3364 simili
966 3303 1112 3363 sententia
1137 3306 1228 3378 atque

52 3394 132 3454 sorio
166 3392 309 3452 Horatius
333 3391 365 3452 0.
389 3393 430 3451 II.
457 3393 507 3453 11.
533 3394 562 3452 9.
610 3394 688 3454 ’Non
711 3413 826 3470 semper
849 3394 928 3452 idem
951 3393 1073 3452 floribus
1099 3396 1144 3452 est
1168 3393 1231 3450 ho-

53 3502 125 3543 nor
146 3481 268 3541 uernis'.
297 3516 332 3525 —
358 3498 389 3540 u.
408 3478 438 3539 4.
455 3482 539 3541 tihe
555 3484 586 3558 in
602 3483 721 3543 elisione
738 3483 780 3542 ad'
791 3487 920 3541 metrum
937 3483 967 3542 h.
982 3484 1003 3541 l.
1021 3501 1079 3540 uon
1096 3499 1232 3539 numera-

56 3577 117 3644 tur,
143 3571 224 3647 quod
240 3570 457 3630 demonstrauit
474 3571 672 3631 Buechelerus
688 3573 724 3631 de
741 3572 847 3631 declin.
865 3572 880 3641 θ
899 3573 962 3630 292
979 3566 1024 3630 ed.
1051 3562 1097 3629 W.
1113 3573 1232 3646 praeter

53 3664 136 3721 locos
159 3680 177 3717 a
200 3659 236 3717 B.
256 3660 366 3718 relatos
389 3660 516 3720 Plautus
538 3660 609 3720 Oist.
633 3662 648 3720 Ι
673 3661 701 3719 1.
729 3661 789 3719 112
811 3661 931 3736 ’'accips
945 3661 998 3719 has
1015 3661 1105 3718 clauis
1121 3657 1146 3717 si
1162 3657 1234 3732 quid

54 3751 112 3810 tibi
134 3749 227 3825 opust
249 3749 307 3806 erIt
328 3753 471 3825 promptu
493 3749 661 3825 promito”;
686 3751 793 3810 Bacch.
819 3751 900 3820 4913
919 3749 1002 3818 856;
1018 3748 1128 3823 Amph.
1149 3744 1231 3803 1131

52 3833 160 3909 codd.;
199 3836 260 3895 718
296 3832 381 3894 codd.
411 3837 506 3913 iisque
529 3838 610 3907 locis,
645 3857 718 3913 quos
744 3838 830 3898 affert
854 3838 915 3897 Leo
931 3838 1033 3896 Herm.
1050 3835 1152 3895 XVIII
1169 3835 1231 3892 584

52 3946 99 4005 sq.
129 3961 164 3970 -
191 3941 223 3983 u.
248 3923 279 3983 5.
302 3924 422 3998 facul]
446 3923 576 4005 scripsi·
597 3926 742 3986 FAOILE
767 3923 868 4006 lupi&
891 3925 1112 3986 necesseesth.
1129 3925 1150 3982 l.
1167 3941 1232 3998 pro·
1357 3916 1359 3919 ’

54 4016 195 4077 nuntiare
229 4034 283 4090 per
306 4014 483 4090 disyllabum
507 4035 543 4073 ne
566 4016 704 4092 prosodia
727 4016 866 4075 uioletur.
913 4034 1008 4091 neque
1032 4013 1109 4072 enim
1133 4013 1232 4070 adsen-

52 4107 114 4166 tior
137 4104 320 4163 Buechelero
341 4122 488 4179 umquam
510 4104 627 4163 lieltum
651 4123 713 4163 esse
737 4105 767 4162 in
783 4124 856 4165 uoce
875 4105 968 4163 trium
983 4102 1131 4170 breuium,
1149 4100 1232 4160 onius

52 4195 177 4272 quidem
210 4191 394 4269 paenultima
418 4211 477 4251 non
505 4198 672 4266 acueretur,
697 4195 798 4252 eadem
821 4193 942 4253 licentia
966 4191 1089 4250 feriendi
1111 4190 1230 4267 paenul-

53 4286 160 4344 timam
195 4281 241 4341 uti
276 4300 336 4357 qna
371 4281 402 4339 in
424 4300 497 4340 uoce
520 4282 608 4358 primi
632 4282 713 4359 pedIs
738 4283 893 4358 dactyIIca.
938 4281 1039 4340 uerius
1063 4282 1098 4339 de
1121 4281 1176 4338 hac
1199 4297 1231 4336 rc
