2910 4778
622 1056 748 1135 PARS
784 1057 823 1134 ll.

205 1247 480 1312 VINDICIAE
506 1246 646 1310 POESIS
671 1246 849 1309 PATRIAE
874 1247 923 1309 ET
948 1244 1183 1310 POPULARIS
1208 1244 1257 1308 Er

470 1361 684 1434 ANTIQUAE
709 1360 984 1425 ROMANORUM.

245 1530 314 1594 lain
338 1531 488 1613 quoniam
512 1535 603 1613 parte
627 1531 733 1613 priore
750 1531 950 1612 exposuimus
967 1530 1060 1612 quale
1079 1532 1167 1592 esset
1184 1530 1216 1592 id
1233 1528 1310 1612 quod

138 1648 331 1730 quaerimus,
356 1647 535 1729 proximum
559 1651 608 1709 est
631 1650 665 1707 ut
690 1646 744 1728 qui
761 1646 790 1707 ei
808 1646 853 1707 rei
870 1646 998 1708 termini
1016 1645 1234 1708 constituendi
1252 1645 1310 1707 sint

138 1764 313 1840 uideamus
338 1783 464 1845 quaque
488 1763 611 1824 ratione
636 1762 807 1824 domestica
825 1785 842 1823 a
859 1761 1057 1845 graecanicis
1075 1760 1311 1823 distinxerimus

138 1878 343 1960 explicemus,
379 1878 434 1940 sed
458 1878 549 1940 mitto
573 1900 682 1940 uersus
707 1875 881 1955 Saturnios,
906 1877 991 1959 quod
1014 1878 1154 1939 metrum
1175 1877 1255 1959 quin
1275 1876 1312 1938 sit

141 1993 347 2055 domesticum
384 1995 439 2055 aut
473 1999 558 2055 certe
593 1993 754 2075 antiquius
789 1992 882 2055 Liuio
916 1992 1097 2055 Andronico
1132 2014 1199 2056 non
1222 1992 1312 2055 facile

140 2108 308 2191 qnisquam
344 2108 514 2186 dubitabit3
550 2112 582 2170 et
616 2129 833 2190 quaecumque
859 2108 897 2170 de
922 2130 959 2171 eo
982 2111 1109 2170 exstant
1132 2108 1312 2172 testimonia

142 2223 345 2305 antiquorum
382 2246 418 2286 ea
454 2224 626 2307 diligenter
649 2224 827 2306 conquisita
850 2227 923 2286 sunt
948 2246 1019 2287 cum
1043 2225 1083 2287 ab
1108 2222 1182 2287 aliis
1206 2229 1312 2287 tuma

128 2337 292 2402 'Santenio
327 2339 491 2422 Lennepio
514 2338 666 2402 Lerschio
689 2339 870 2402 Duentzero
894 2338 1019 2402 Haveto
1042 2338 1187 2403 Luciano
1211 2340 1310 2404 Muel-

139 2455 216 2519 lero.
263 2459 362 2518 restat
386 2477 462 2539 ergo
485 2458 520 2518 ut
544 2456 696 2539 ambigna
720 2455 924 2538 explicemus
953 2477 1034 2537 quae
1058 2455 1190 2538 quidem
1214 2456 1318 2535 multa·

141 2574 214 2633 sunt
249 2575 281 2634 et
309 2571 481 2635 recondita.
528 2593 610 2647 nam,
636 2571 711 2652 quia
734 2569 818 2635 laeto
841 2575 998 2653 prouentu
1021 2571 1100 2632 artis
1124 2570 1193 2633 eius
1218 2593 1308 2654 quam

141 2685 275 2749 Graecia
310 2687 342 2748 in
377 2690 503 2770 agreste
532 2685 658 2748 Latium
684 2685 791 2748 intulit
815 2686 1005 2748 domesticus
1028 2686 1113 2749 fetus
1137 2688 1241 2750 omnis
1264 2708 1309 2750 re·

140 2823 268 2883 pressus
292 2805 324 2863 et
346 2805 509 2884 tamquam
534 2801 653 2864 obsitus
678 2807 734 2879 est,
759 2802 913 2884 reliquiae
933 2823 1054 2884 paucae
1070 2802 1148 2865 illae
1165 2824 1308 2866 uersuum

142 2917 318 2980 italicorum
355 2940 458 3000 neque
494 2918 526 2978 in
561 2918 665 2978 medio
699 2918 821 2998 positae
845 2930 918 2980 sunt
941 2939 1043 3000 neque
1068 2940 1197 3001 semper
1221 2919 1309 2982 facile

143 3035 191 3092 est
217 3032 412 3116 distinguere
431 3054 577 3096 numeros
594 3033 719 3095 italicos
737 3056 755 3094 a
771 3033 927 3095 similibus
945 3034 1155 3116 graecanicis
1203 3057 1310 3117 quem·

147 3147 316 3209 admodum
359 3149 442 3210 enim
477 3150 499 3212 ii
543 3149 598 3231 qui
640 3147 749 3211 stratis
789 3149 1004 3230 superioribus
1039 3130 1210 3213 ¹summotis
1250 3172 1310 3214 mo·

142 3265 294 3324 numenta
329 3264 528 3346 antiquitatis
563 3265 622 3326 sub
656 3266 743 3326 terra
780 3264 907 3326 condita
943 3267 1057 3327 eruunt
1089 3264 1186 3348 inque
1212 3266 1310 3329 lucem

142 3377 317 3459 proferunt,
350 3380 493 3460 quamuis
516 3401 635 3463 magna
658 3382 789 3442 utantur
813 3380 981 3464 diligentia
1005 3384 1101 3463 atque
1126 3382 1311 3459 eruditione,

142 3496 250 3555 tamen
284 3515 378 3575 saepe
413 3517 475 3558 non
508 3496 574 3558 sine
600 3495 707 3577 aliqua
731 3495 926 3558 dubitatione
951 3496 1136 3558 discernunt
1161 3497 1253 3560 cuius
1275 3496 1312 3560 sit

143 3628 287 3690 quaeque
322 3630 373 3670 res
408 3610 532 3687 aetatis,
563 3610 609 3672 ita
632 3614 777 3672 uetustae
801 3609 875 3672 illae
899 3610 1052 3693 reliquiae
1076 3612 1183 3693 poesis
1208 3612 1313 3676 dome·

142 3723 240 3785 stioae
266 3725 298 3785 et
320 3724 483 3806 popularis
507 3729 675 3788 uersentur
697 3725 730 3786 in
754 3747 871 3809 magua
895 3725 1100 3789 obscuritate.

251 3836 327 3900 Cum
360 3842 467 3902 autem
490 3861 552 3902 non
576 3840 717 3903 omnium
740 3862 895 3923 generum
919 3841 1175 3921 domesticorum,
1201 3845 1315 3926 quibus

143 3952 240 4034 prisci
275 3953 358 4016 casei
394 3953 441 4016 illi
465 3955 513 4017 usi
537 3959 619 4033 sunt,
656 3957 781 4017 exstent
815 3955 969 4038 reliquiae
988 3957 1021 4035 1),
1047 3979 1184 4040 cumque
1209 3980 1316 4023 eornm

255 4121 278 4196 ¹)
302 4128 342 4186 Et
376 4148 452 4203 quae
488 4130 522 4186 de
551 4130 698 4188 clarorum
732 4131 866 4188 uiro1um
896 4132 1035 4190 laudibus
1060 4132 1209 4191 cantitata
1234 4138 1317 4193 erant

144 4217 182 4273 ab
207 4216 416 4290 antiquissimis
441 4218 580 4288 carmina,
606 4237 639 4275 ea
663 4219 722 4275 iam
746 4223 842 4276 aetate
867 4219 1058 4279 Ciceroniana
1073 4240 1109 4278 ex
1126 4222 1211 4281 omni
1227 4223 1318 4284 homi·
