2910 4778
608 1094 761 1170 CAPVT
789 1096 852 1171 IV.

584 1248 644 1329 De
671 1248 874 1331 thesibus.

255 1438 273 1522 p
298 1440 327 1503 l.
418 1435 444 1505 1.
490 1431 630 1506 Thasos
654 1437 831 1526 supprimi
855 1438 1024 1527 possunt,

145 1559 177 1619 et
200 1555 338 1639 quidem,
361 1555 389 1618 si
412 1554 546 1619 fonnem
569 1553 599 1618 A
622 1554 643 1619 i.
668 1577 695 1619 e.
720 1577 745 1607 υ
764 1586 799 1594 -
818 1579 843 1608 υ
865 1584 895 1593 -
916 1580 942 1608 υ
960 1587 996 1595 -
1014 1580 1039 1609 υ
1062 1585 1104 1636 ··,
1121 1558 1210 1624 cuius
1224 1554 1294 1623 nulle

145 1674 194 1735 est
226 1669 326 1735 thesis
357 1691 535 1754 suppressa,
560 1670 666 1735 animo
689 1671 839 1755 fingimus
863 1694 932 1736 esse
955 1672 1178 1757 principalem,
1200 1696 1234 1738 re
1255 1696 1298 1739 au·
1328 1750 1331 1755 ¹

144 1788 211 1850 tem
237 1807 314 1850 uera
336 1785 456 1850 nullam
479 1786 614 1850 formam
637 1786 734 1850 fuisse
757 1786 968 1871 principalem
991 1789 1150 1855 affirmare
1173 1789 1249 1855 licet
1270 1824 1301 1836 -

145 1901 201 1966 sed
223 1901 250 1965 si
273 1901 315 1966 ab
338 1923 377 1965 ea
399 1900 512 1981 forma,
536 1902 620 1985 quod
643 1902 772 1985 quidem
794 1903 911 1968 rationi
935 1904 1126 1968 conueniens
1151 1908 1210 1986 est,
1232 1909 1304 1970 tam·

115 2080 117 2085 .
144 2038 238 2100 quam
274 2017 444 2101 principali
478 2018 718 2101 proficiscimur,
754 2018 842 2083 nulla
875 2017 990 2084 thesis
1011 2020 1078 2084 eius
1112 2042 1177 2086 non
1212 2024 1308 2106 potest

143 2133 309 2217 supprimi,
333 2154 391 2197 nec
413 2137 522 2198 tamen
545 2134 656 2218 quouis
679 2135 774 2199 modo
796 2157 900 2219 neque
924 2139 1068 2214 cunctae,
1091 2137 1149 2201 sed
1171 2137 1308 2224 singulae
1344 2180 1347 2225 t

144 2252 200 2313 eut
222 2249 327 2314 binae.

252 2364 386 2429 Prima
419 2365 503 2437 thesi
538 2387 708 2449 suppresse
742 2367 824 2431 fiunt
854 2389 870 2431 e
906 2365 1020 2432 iambis
1043 2367 1135 2451 quasi
1159 2367 1308 2435 trochaei.

142 2481 203 2546 hoo
238 2481 308 2546 dico
331 2504 394 2546 non
417 2482 499 2565 quod
523 2480 703 2545 trochaicus
726 2504 877 2547 numerus
900 2482 943 2546 sit
965 2483 1173 2548 secundarius
1197 2487 1232 2549 et
1254 2506 1309 2550 non

143 2597 329 2683 principalis
363 2597 484 2681 pariter
518 2600 613 2680 atque
648 2597 811 2662 iambicus.
858 2598 915 2663 sed
948 2598 1087 2663 confusis
1120 2621 1221 2684 saepe
1245 2605 1308 2665 ute·

142 2715 259 2778 bantur
293 2712 416 2796 antiqui
450 2713 499 2777 illi
532 2715 623 2776 uates
646 2713 785 2777 numeris
809 2713 947 2779 iambico
966 2696 1004 2778 et
1026 2714 1199 2780 trochaico.
1249 2721 1308 2781 eie·

143 2830 208 2892 nim
244 2828 374 2893 licentia
410 2829 566 2912 quaedam
600 2828 662 2892 fuit
696 2828 871 2912 antiquitus
895 2828 1063 2894 anacrusin
1086 2829 1140 2894 uel
1163 2826 1311 2915 prae'mit·

142 2945 231 3009 tendi
264 2944 318 3010 uel
351 2943 529 3009 omittendi.
553 2944 664 3008 'uelut
697 2938 731 3008 in
767 2944 907 3008 carmine
930 2944 1065 3009 fratrum
1089 2944 1261 3012 Arualium
1283 2950 1311 3010 et

143 3057 318 3126 Saliaribus
345 3060 523 3145 (Comprec.
547 3061 568 3124 4
592 3064 624 3125 et
648 3061 680 3136 5)
705 3065 737 3124 et
761 3060 831 3145 agri
854 3060 1019 3125 lustrantis
1043 3062 1125 3145 quod
1150 3085 1170 3126 a
1193 3062 1310 3128 Catone

143 3179 304 3241 seruatum
328 3180 376 3241 est
398 3175 575 3261 (Comprec.
600 3179 633 3254 9)
658 3179 690 3241 et
712 3176 745 3240 in
768 3176 1032 3241 obtestationibus
1056 3175 1237 3261 (Comprec.
1262 3181 1309 3256 13,

145 3293 197 3371 14,
234 3293 284 3371 16,
322 3292 375 3369 17)
411 3293 479 3357 cola
513 3292 651 3358 iambica
681 3292 779 3357 mixta
801 3295 876 3356 suut
897 3290 1084 3370 trochaicis;
1108 3292 1261 3378 idemque
1282 3295 1312 3357 in

142 3407 293 3472 saturniis
328 3407 466 3472 obtinuit
500 3430 567 3473 mos
601 3411 637 3471 ut
671 3409 763 3472 modo
789 3407 945 3473 haberent
969 3407 1135 3473 anacrusin
1160 3410 1256 3475 modo
1278 3430 1312 3475 aa

142 3527 296 3588 carerent.
344 3545 425 3607 quae
456 3524 602 3588 anacrusi
626 3527 737 3587 carent
760 3523 828 3588 cola
851 3526 957 3588 utrum
981 3524 1020 3587 iis
1043 3545 1158 3587 nomen
1181 3524 1227 3589 sit
1249 3528 1312 3589 tro·

141 3638 261 3703 chaicis
286 3661 326 3703 an
349 3639 573 3723 procatalectis
597 3639 742 3704 iambicis
765 3661 841 3703 sane
864 3661 925 3704 non
949 3639 1084 3703 multum
1107 3639 1220 3705 refert.
1260 3640 1313 3705 sed

144 3755 250 3819 uerius
285 3755 488 3820 nominantur
510 3754 648 3819 iambica
671 3754 887 3839 procatalecta
909 3754 937 3818 si
960 3777 1023 3839 qua
1046 3754 1114 3819 cola
1137 3755 1315 3841 singularia

141 3870 208 3934 sine
245 3870 391 3935 anacrusi
407 3871 539 3935 inserta
562 3873 636 3934 sunt
658 3870 771 3935 mediis
794 3870 935 3954 periodis
958 3870 1113 3935 iambicis.
1160 3872 1197 3935 ut
1222 3870 1315 3939 Gom·

142 4008 226 4068 preo.
251 3988 281 4052 8.
306 3987 325 4050 6
349 4008 418 4072 sqq.
438 3985 518 4051 ”Uti
532 3987 628 4071 poplo
644 3986 786 4051 Romano
803 3986 815 4068 ll
832 3985 1003 4062 Quiritium
1018 3987 1195 4070 prospretis
1213 3986 1228 4070 ΙΙ
1244 3987 1316 4055 uim

140 4099 407 4188 uictoriamque
425 4102 437 4185 ll
453 4102 561 4168 hoste's
592 4103 682 4186 popli
702 4101 840 4166 Romani
856 4101 868 4184 ll
885 4100 1056 4177 Quiritium
1079 4102 1203 4167 terrdre
1221 4102 1236 4187 ΙΙ
1252 4102 1318 4169 ior·

140 4218 259 4283 midine‘
295 4223 460 4302 morteque
478 4219 496 4302 Μ’
506 4219 652 4283 mactetis
687 4217 866 4283 afficiatis'.
903 4254 943 4262 —
979 4216 1094 4282 Dedic.
1130 4215 1160 4282 7.
1198 4219 1217 4283 1
1248 4240 1317 4304 sqq.
