2910 4778
500 352 782 403 CONPRECATIONES.

57 628 104 684 10.
232 609 403 690 Particula
431 609 560 709 antiqui
587 608 744 689 carminis
772 614 892 708 apud
912 613 1106 688 Gellium

503 748 613 820 XIII
642 747 806 838 23(22).
841 749 873 821 1.

219 1211 337 1284 Luam
365 1212 518 1285 Saturni
626 1201 808 1283 Salaciam
836 1211 1005 1306 Neptuni

218 1337 363 1409 Horam
392 1316 536 1422 Quirini
645 1329 786 1408 Virites
814 1336 958 1421 Quirini

219 1462 359 1534 Maiam
387 1461 543 1533 Volcani
650 1457 807 1534 He'ridm
835 1459 988 1533 Iundnis

221 1585 406 1682 Melasque
433 1585 566 1658 Martie
673 1573 953 1678 Nerienemque
980 1584 1114 1658 Martis

169 2000 225 2066 10.
272 2005 423 2064 Gellius
457 2006 542 2065 XIII.
579 2007 618 2065 23
655 2005 733 2077 (22).
771 2005 799 2064 1.
837 2006 1116 2082 ’'comprecationes
1140 2007 1228 2065 deum

56 2096 272 2156 immortalium
307 2114 382 2170 quae
416 2095 478 2153 ritu
510 2114 634 2154 romano
667 2096 744 2154 finnt
777 2094 928 2170 expositae
962 2099 1033 2154 sunt
1060 2095 1090 2153 in
1113 2095 1228 2156 libris

56 2185 303 2245 sacerdotum
331 2184 466 2260 populi
492 2184 1228 2260 romanietinplerisqueantiqnisorati·

57 2274 200 2334 onibus.
247 2272 276 2330 in
300 2273 344 2331 his
367 2273 511 2348 scriptum
534 2277 594 2332 est:
618 2273 733 2332 Luam
758 2303 798 2312 -
823 2272 991 2332 Martis”.

167 2362 264 2420 Metro
299 2362 475 2437 compositas
511 2381 572 2421 esse
606 2363 694 2421 huius
729 2355 865 2421 carminis
893 2362 1033 2437 reliquias
1068 2381 1102 2421 eo
1133 2363 1228 2438 magis

57 2453 158 2511 elucet
181 2451 261 2526 quod
285 2451 408 2508 eundem
433 2470 591 2509 nnmerum
613 2453 742 2510 reddunt
764 2469 869 2509 uersus
893 2470 1002 2510 omnes.

171 2540 195 2597 A
230 2539 416 2598 sacerdotum
442 2541 523 2599 libris
550 2541 622 2600 haec
644 2541 737 2600 uerba
760 2543 880 2614 sumpta
903 2543 973 2597 sunt
996 2545 1049 2598 aut
1072 2540 1141 2616 ipsis
1165 2544 1227 2610 aut,

55 2630 84 2690 si
120 2629 157 2686 ab
189 2628 312 2703 antiqua
346 2629 490 2695 eratione,
514 2633 613 2687 tamen
637 2630 765 2688 indidem
789 2629 950 2704 repetendi.
999 2629 1227 2688 ”crationes’

57 2718 198 2794 equidem
232 2718 319 2775 credo
347 2716 475 2777 Gellium
499 2718 604 2777 dixisse
626 2720 682 2777 hoc
705 2720 769 2776 loco
793 2719 948 2776 sollemnes
972 2719 1115 2793 quasdam
1138 2719 1229 2794 megi·

58 2810 215 2868 stratuum
237 2805 341 2882 populi
363 2806 487 2875 romani,
512 2827 588 2882 quae
606 2808 655 2865 uel
672 2810 752 2866 totae
769 2812 854 2864 erant
870 2807 1127 2882 compmmtionm,
1145 2808 1229 2866 cuins

57 2897 104 2956 rei
129 2897 294 2971 exemplum
320 2898 365 2954 est
387 2895 455 2954 Liu.
478 2896 586 2955 XXIX.
613 2895 664 2956 27.
682 2898 789 2964 2-4.,
805 2896 855 2954 uel
870 2915 939 2971 pars
955 2896 1096 2955 orationis
1112 2897 1142 2954 in
1157 2916 1229 2972 pace

58 2986 210 3059 ueniaque
246 2984 368 3043 deorum
404 2986 585 3061 exposcenda
618 2986 806 3044 uersabatur.
854 3004 906 3043 nec
940 2989 1039 3042 tannen
1072 2986 1108 3043 iis
1138 2987 1229 3044 uerba

58 3073 178 3151 praeire
201 3074 336 3132 solebant
358 3074 519 3148 pontifices,
544 3075 595 3133 sed
618 3074 741 3142 scribae,
768 3074 824 3132 nisi
839 3074 869 3131 in
885 3074 1062 3148 quibusdam
1078 3075 1178 3146 sacris,
1195 3079 1230 3133 ut

59 3164 185 3222 Tacitus
201 3162 359 3220 memoriae
374 3163 506 3237 prodidit
521 3163 589 3222 hist.
606 3163 659 3222 IV.
678 3165 717 3222 53
731 3162 903 3221 Heluidium
916 3163 1050 3221 Priscum
1062 3167 1230 3238 praetorem

60 3252 201 3328 Capitolii
224 3251 401 3310 restituendi
417 3271 506 3311 causa
521 3256 682 3328 praeeunte
698 3251 818 3310 Plautio
835 3252 959 3310 Aeliano
974 3252 1111 3328 pontifice
1128 3253 1230 3312 Iouem

60 3343 207 3401 Iunonem
242 3340 407 3399 Mineruam
441 3341 649 3416 praesidesque
683 3341 799 3417 imperii
833 3342 902 3399 deos
929 3345 1093 3416 precatum.
1140 3346 1229 3416 etque

60 3431 160 3489 multo
194 3430 291 3488 minus
325 3430 373 3487 hic
407 3432 506 3505 potest
534 3430 591 3489 dici
614 3429 810 3506 comprecatio
835 3429 983 3499 causidici,
1009 3430 1092 3488 cuius
1115 3430 1230 3506 generis

61 3519 315 3594 comprecationes
342 3519 422 3594 apud
446 3516 616 3578 Ciceronem
640 3522 758 3578 exstant
779 3518 811 3575 in
835 3519 955 3577 exordio
977 3519 1164 3589 Rabirianae,
1189 3519 1230 3576 in·

60 3627 123 3684 qne
139 3607 256 3684 epilogo
272 3607 449 3666 Milonianae
465 3611 495 3665 et
511 3608 652 3667 orationis
669 3628 759 3683 quam
774 3626 829 3682 pro
846 3608 933 3666 domo
949 3626 1003 3665 sua
1018 3607 1132 3678 habuit,
1151 3608 1231 3682 quod

57 3715 155 3775 genus
178 3696 312 3754 imitatus
336 3700 380 3754 est
402 3696 533 3754 Velleius
557 3697 733 3756 Paterculus
756 3697 786 3754 in
811 3697 892 3755 exitu
915 3696 1117 3754 historiarum.
1164 3716 1230 3755 con·

57 3789 123 3846 stat
153 3791 253 3844 autem
276 3785 307 3842 in
330 3786 517 3844 sacerdotum
541 3786 624 3844 libris
647 3785 824 3862 perscriptas
848 3786 937 3844 fuisse
960 3786 1144 3860 precationes
1168 3785 1230 3861 qui-

58 3876 117 3935 bus
152 3875 182 3932 in
217 3873 307 3933 saeris
342 3875 530 3933 sollemnibus
560 3875 677 3950 publice
708 3874 910 3950 magistratus,
940 3907 974 3916 ·-
1001 3875 1031 3932 in
1054 3874 1232 3949 quibusdam

59 3964 256 4024 muliebribus
278 3963 369 4022 sacris
392 3964 522 4040 uirgines
545 3964 679 4023 Vestales
703 3967 756 4021 aut
778 3983 854 4022 uxor
877 3963 1003 4022 consulis
1019 3968 1072 4021 aut
1086 3963 1232 4039 praetoris

59 4052 169 4113 urbani
207 4083 245 4092 —-
282 4052 312 4109 in
346 4053 472 4128 priuatis
505 4053 733 4129 patresfamilias
771 4055 939 4111 uterentur.
986 4053 1012 4110 ei
1041 4052 1142 4127 generi
1166 4072 1232 4110 con·

59 4143 196 4206 iunctam
219 4160 280 4201 esse
304 4142 442 4216 equidem
465 4143 600 4201 existimo
622 4143 701 4200 lanc
718 4141 993 4217 comprecationem‚
1011 4142 1061 4198 sed
1077 4141 1231 4216 probabile

58 4235 107 4290 est
130 4249 196 4288 eam
219 4231 256 4289 ad
280 4230 435 4288 muliebria
458 4251 542 4290 sacra
565 4232 722 4307 pertinere,
748 4231 857 4306 quippe
881 4250 940 4306 qua
963 4248 1021 4288 non
1038 4230 1077 4300 di,
1094 4231 1145 4288 sed
1161 4230 1233 4289 deae

60 4320 203 4379 innocent
243 4359 250 4374 .
