2910 4778
554 307 624 355 car.
644 308 666 355 1.
686 298 701 366 θ
722 308 798 353 5--a

292 536 322 598 3.
369 532 554 598 Saturnii
579 534 765 598 undecim
787 534 1047 618 syllabarum.

79 676 202 756 nai-ba
218 704 259 729 =
273 676 457 757 6-l-5donu
480 677 602 741 danrint
625 676 754 741 He'rclei
800 678 960 741 maxsume
984 682 1085 741 merto

84 792 190 872 balb
204 821 245 845 =
259 793 345 873 5†6
373 791 466 858 Pribli
491 794 683 881 prognatum
733 792 844 857 Publio
867 792 993 858 Corneli

83 907 187 988 b-l-bo
203 937 244 961 =
259 909 344 987 6-Ι-5
375 910 496 973 tamdiu
519 910 704 973 discendum
727 909 878 991 quamdiu
902 910 985 972 uluis

190 1023 251 1089 llla
284 1047 408 1110 quoque
444 1047 564 1110 genera
587 1029 660 1089 sunt
685 1026 832 1089 undecim
854 1025 1066 1108 syllabarum:

281 1140 401 1205 Horam
425 1140 548 1216 Quirini
573 1141 693 1205 Virites
717 1139 840 1216 Quirini
887 1142 1012 1225 compr.
1039 1144 1090 1205 10.
1116 1144 1135 1204 2

192 1260 240 1320 et:
279 1257 390 1342 popnh'
412 1258 597 1341 primarium
621 1258 703 1321 saise
727 1258 831 1321 uirum
895 1258 976 1341 elog'.
1004 1259 1031 1322 1.
1057 1259 1086 1320 2.

81 1394 167 1456 quae
202 1373 306 1437 uersui
342 1374 485 1437 saturnio
508 1378 644 1457 cognata
668 1377 751 1447 sunt,
776 1374 815 1437 de
839 1373 953 1457 quibus
977 1373 1170 1437 mentionem
1195 1372 1257 1436 feci

81 1510 115 1574 p.
140 1485 215 1552 vn.

192 1602 286 1669 Nunc
321 1605 421 1689 igitur
456 1608 590 1689 apparet
625 1606 701 1689 quid
729 1606 770 1669 sit
794 1628 850 1669 cur
874 1628 983 1669 uersus
1007 1606 1167 1669 saturnius
1191 1606 1258 1669 fere

1284 1548 1299 1583 Ι

82 1720 149 1784 illis
184 1721 355 1805 generibus
391 1744 468 1804 quos
503 1721 594 1805 posui
618 1744 673 1805 pp.
698 1719 805 1784 II—-V
829 1721 1040 1799 contineatur,
1065 1743 1137 1785 cum
1161 1721 1202 1784 sit
1225 1722 1257 1784 iu

82 1837 174 1919 poesi
209 1840 354 1901 ueterum
389 1836 604 1902 Romanorum
639 1838 739 1901 multo
770 1838 870 1902 maior
893 1838 1032 1901 uarietas
1056 1837 1258 1920 periodorum

84 1952 321 2017 bimembrium.
368 1975 448 2037 quae
484 1953 651 2036 quominus
686 1975 795 2017 omnes
819 1953 946 2017 iunctae
971 1953 1132 2017 efficerent
1154 1957 1258 2016 satur-

82 2069 155 2131 nios
186 2068 253 2132 siue
277 2091 388 2133 uersus
412 2069 605 2133 bimembres
629 2069 709 2132 duae
733 2070 926 2133 obstiterunt
950 2090 1074 2132 causae.
1120 2069 1258 2151 primum

84 2184 170 2247 enim
206 2205 267 2247 non
302 2206 411 2248 omnes
447 2185 567 2267 periodi
603 2184 649 2247 ita
684 2188 833 2268 poterant
856 2185 1001 2267 partibus
1025 2184 1200 2269 constringi
1224 2191 1259 2247 at

82 2321 142 2362 eae
166 2303 274 2384 partes
297 2300 331 2363 in
354 2301 446 2365 unius
470 2282 580 2364 uersus
604 2322 718 2383 corpus
736 2306 943 2385 cogerentur3
961 2301 1075 2365 deinde
1092 2284 1259 2364 usudcon-

82 2415 236 2478 stituerat
263 2416 389 2480 modum
414 2438 525 2479 uersus
549 2417 683 2480 saturnii
706 2439 838 2479 numero
862 2416 1058 2499 syllabarum
1082 2417 1257 2480 definitum.

194 2529 366 2595 Praeterea
389 2537 548 2596 structura
571 2533 796 2609 saturniorum,
820 2534 903 2616 quod
928 2534 968 2596 ad
991 2532 1128 2596 thesium
1152 2536 1184 2595 et
1208 2555 1259 2595 ar·

83 2647 169 2710 sium
192 2649 345 2712 rationem
371 2649 520 2732 pertinet,
544 2670 662 2733 genere
687 2671 749 2712 non
773 2649 934 2712 dissimilis
959 2653 1006 2712 est
1022 2649 1167 2712 uersibus
1183 2648 1259 2711 sim-

86 2762 234 2846 plicibus,
258 2764 297 2827 de
321 2764 435 2846 quibus
459 2768 529 2847 post
552 2786 751 2848 quaeremus,

196 3004 269 3087 §b
315 3004 488 3088 Reliquum
523 3009 571 3069 est
605 3011 640 3069 ut
675 3006 839 3068 uideamus
874 3027 956 3088 quae
981 3005 1020 3068 ad
1044 3004 1259 3089 cognitionem

86 3121 212 3184 numeri
235 3120 369 3184 saturnii
392 3121 521 3186 inuenta
544 3121 608 3183 sint
632 3144 650 3183 a
674 3121 902 3204 grammaticis.

194 3236 466 3320 Antiquorum
501 3238 673 3320 praecepta
710 3237 976 3300 commentatione
1000 3236 1139 3319 propria,
1163 3258 1257 3319 quam

85 3351 262 3435 separatim
286 3353 388 3430 edam,
413 3374 566 3435 exponam
590 3356 685 3435 atque
710 3353 904 3415 examinabo.
945 3353 1152 3435 quamobrem
1176 3373 1259 3415 nnnc

87 3467 147 3532 hoc
181 3472 307 3532 tantum
332 3469 402 3532 dico
425 3467 571 3532 Caesium
594 3469 859 3552 posterioresque,
883 3468 938 3551 qui
955 3468 987 3530 in
1003 3468 1163 3551 plerisque
1180 3466 1260 3531 Cae·

85 3584 169 3647 sium
215 3585 315 3648 secuti
360 3587 443 3664 sunt,
482 3584 513 3647 id
553 3584 681 3667 quidem
720 3584 898 3648 consentire
936 3605 1058 3667 proque
1098 3584 1258 3666 explorato

88 3699 207 3764 habere
246 3700 422 3764 saturnium
458 3721 607 3763 mensura
642 3699 838 3784 syllabarum
872 3700 1097 3777 scandendum,
1130 3698 1259 3782 eiusque

89 3817 223 3881 formam
260 3814 457 3899 ''optimam''
492 3816 698 3899 compositam
734 3838 801 3879 esse
836 3816 898 3879 sic:
936 3816 1088 3879 dabunt
1115 3814 1259 3877 malum

87 3931 252 3996 Mete'lli
276 3968 316 3977 -
342 3930 500 3995 Naeuio
522 3934 679 4015 poetae.
726 3933 823 3995 immo
846 3930 925 3993 haec
950 3931 1061 4010 torma,
1083 3952 1164 4013 quae
1182 3930 1261 3994 Cae·

92 4049 141 4112 sio
176 4051 224 4111 est
248 4045 423 4131 ''optima'',
447 4048 684 4130 posterioribus
708 4047 763 4130 qui
786 4048 853 4111 fere
878 4049 1049 4130 praecepta
1073 4045 1176 4109 Caesii
1200 4069 1263 4109 non

88 4165 167 4227 satis
202 4163 365 4226 intellecta
400 4163 528 4242 iterant,
564 4167 611 4227 est
639 4162 716 4228 sola.
762 4161 934 4226 Praeterea
958 4184 1031 4226 uere
1054 4162 1117 4225 iam
1143 4161 1261 4225 Casan·

40 4322 45 4333 ·
90 4281 190 4344 bonus
214 4279 252 4341 de
276 4277 369 4342 Rom.
393 4276 497 4343 Satira
521 4278 542 4343 l.
567 4276 630 4342 II:0
653 4280 702 4342 ed.
727 4278 829 4342 Paris.
855 4279 938 4342 1605
963 4300 994 4360 p.
1009 4279 1072 4341 235
1096 4275 1261 4341 ''Saturni-
