2910 4778
229 305 307 353 XCIV
706 305 873 353 Exutusve
892 307 913 352 1.

336 482 386 544 Ac
420 480 523 545 sicubi
556 480 654 545 iambi
689 483 721 544 et
754 479 898 544 trochaei
931 478 984 544 uel
1018 480 1183 563 anapaesti
1219 484 1253 544 et
1285 480 1402 566 dactyli

229 598 262 661 in
286 597 480 661 carminibus
503 597 582 659 artis
605 597 774 660 seuerioris
796 597 888 680 quasi
910 596 1003 659 mixti
1027 617 1096 659 esse
1113 596 1279 676 uidentur,
1295 600 1402 662 tamen

229 714 263 777 in
298 735 336 777 ea
369 714 439 796 ipsa
473 734 508 775 re
532 712 698 776 consilium
722 733 835 794 arsque
859 712 1000 775 cernitur
1021 716 1134 794 poetae
1157 712 1189 776 id
1215 713 1347 798 agentis
1369 716 1402 778 ut

229 829 455 912 compositione
490 850 599 893 eorum
633 850 716 912 quae
750 832 856 891 essent
889 834 1025 911 cognata
1059 827 1197 891 iucunda
1221 829 1404 895 efficeretur

229 946 379 1009 uarietas.

334 1058 382 1124 Ut
404 1058 551 1124 Cratinus
576 1062 650 1139 113,
676 1059 803 1123 1141(

462 1171 573 1236 Τᾶλλα
597 1172 681 1235 πάντ’
706 1172 826 1255 ὀρνίθια
924 1208 959 1245 „4
990 1217 1016 1245 v
1046 1209 1081 1246 L
1107 1224 1144 1232 -
1170 1209 1206 1247 Δ
1224 1204 1283 1247 W,

459 1289 569 1372 ὄρνιθα
593 1295 815 1375 φοινικόπτερον
868 1338 898 1345 -
923 1325 958 1361 L
989 1334 1015 1360 υ
1061 1326 1069 1351 ι
1107 1341 1143 1349 -
1186 1326 1194 1351 ν
1224 1320 1281 1363 W,

336 1405 466 1472 Strattis
490 1408 620 1471 661-:3
645 1406 737 1469 Koch
759 1405 785 1469 Ι.
811 1408 875 1471 730

286 1518 533 1604 Πρασοκονρίδες
556 1518 587 1584 αἱ
610 1521 825 1607 aatnpbic'oo‘
847 1565 899 1592 W
934 1557 943 1582 ι
971 1565 1025 1593 W
1059 1556 1067 1581 t
1097 1565 1150 1593 W
1183 1557 1193 1583 ν

287 1635 345 1699 ἀνὰ
368 1643 483 1722 κήπους
506 1642 690 1721 πεντήκοντα
713 1636 811 1698 ποδῶν
848 1682 899 1708 W
920 1672 954 1709 -ι
986 1685 1018 1692 ..
1062 1673 1070 1695 1
1111 1685 1141 1694 -
1185 1673 1194 1699 ν
1224 1682 1280 1710 W
1298 1674 1336 1712 J-

294 1752 393 1837 ’ίχνεσι
416 1751 527 1834 βαίνετ’
552 1758 755 1838 εφαπτόμεναι
920 1788 954 1825 ,r
973 1796 1026 1824 υυ
1045 1788 1079 1825 „r
1098 1797 1151 1824 υυ
1170 1789 1205 1826 -’
1224 1797 1280 1826 w
1298 1790 1336 1827 -'

334 1897 413 1960 Eius
440 1897 568 1980 generis
590 1896 675 1960 locos
699 1897 928 1980 exemplarium
951 1919 1139 1982 graecorum
1161 1898 1309 1963 imitatus
1334 1922 1401 1964 esse

228 2013 355 2076 uidetur
376 2012 519 2089 Plautus,
543 2013 598 2095 qui
621 2013 780 2076 interdum
807 2050 845 2058 —
871 2013 955 2096 quod
978 2036 1051 2078 raro
1074 2014 1111 2076 fit
1132 2050 1173 2058 -
1190 2015 1320 2080 iambos
1336 2021 1401 2081 tro·

227 2127 335 2192 chaeis
358 2131 608 2211 anapaestosque
633 2128 767 2211 dactylis
790 2129 927 2192 miscuit.

332 2271 422 2335 uelut
443 2269 529 2334 Men,
555 2271 729 2335 129-134
761 2270 1027 2335 V=127-13‘2
1060 2272 1087 2336 S
1118 2272 1201 2336 tales
1230 2273 1402 2339 continua·

227 2387 274 2448 uit
297 2407 407 2448 uersus

438 2501 531 2565 Euax
554 2502 659 2585 iurgio
682 2501 789 2565 hercle
814 2538 854 2546 -
947 2510 1059 2586 amicte.
1084 2504 1180 2568 troch.

438 2615 504 2682 Ubi
526 2622 601 2680 sunt
623 2619 781 2681 ama'tores
805 2654 846 2662 —
947 2626 1043 2682 octos.
1067 2619 1161 2684 iniret.

439 2732 590 2797 Conferre
614 2755 722 2797 omnes
748 2769 788 2777 —
990 2783 1005 2812 ,‚
1100 2784 1115 2813 „
1157 2750 1160 2755 ·

438 2849 530 2912 Hanc
554 2849 647 2912 modo
671 2849 761 2913 uxori
785 2885 825 2892 -
949 2857 1061 2933 septen.
1086 2851 1181 2916 troch.

437 2964 489 3030 Sic
512 2964 572 3027 hoc
596 2965 687 3028 decet
711 3002 752 3009 —
946 2974 1042 3029 octos.
1066 2967 1158 3030 iarah.

437 3080 508 3145 Hoc
531 3080 655 3144 facinus
677 3080 856 3163 pulcrumst
879 3116 918 3124 -
988 3130 1003 3158 ‚‚
1099 3131 1114 3160 ‚,

332 3245 405 3286 ecce
427 3224 503 3287 ordo
533 3229 601 3287 arte
625 3224 803 3306 quaesitus:
828 3223 970 3308 singulos
993 3225 1190 3307 septenarios
1217 3227 1398 3296 trochaicos

225 3339 291 3402 hini
316 3339 479 3421 excipiunt
501 3340 656 3402 octonarii
678 3338 818 3418 iambici,
842 3339 937 3422 idque
963 3340 1010 3403 bis
1034 3341 1080 3405 fit.

331 3479 433 3545 Stichi
457 3503 487 3545 u.
513 3483 554 3544 15
578 3503 647 3564 sqq.
670 3482 715 3544 sic
739 3481 850 3544 traditi
874 3487 948 3544 sunt
969 3482 1060 3545 libris
1085 3484 1115 3545 A
1139 3487 1172 3546 et
1196 3483 1231 3547 B

526 3597 644 3660 Facit
666 3598 799 3660 iniurias
822 3599 981 3661 immerito

524 3710 685 3796 Nosque
710 3715 751 3776 ab
774 3715 822 3777 bis
846 3714 1002 3778 abducere
1026 3714 1092 3778 uolt

440 3827 530 3891 Haec
553 3831 604 3892 res
628 3829 712 3892 uitae
736 3851 788 3892 me
811 3831 898 3893 soror
921 3834 1066 3892 saturant

437 3944 527 4007 Haec
550 3943 630 4006 mihi
654 3944 793 4007 diuidiae
818 3948 851 4007 et
873 3945 961 4010 senio
985 3950 1066 4009 sunt.

136 4141 140 4148 Ι
225 4056 347 4122 Eadem
382 4058 525 4142 rhythmi
548 4059 704 4122 uarietate
728 4063 776 4122 est
798 4058 880 4123 Rud.
908 4061 970 4125 198
994 4060 1075 4141 Scin,
1099 4083 1195 4145 quem
1217 4059 1398 4130 Schoellius

223 4171 322 4238 hahet
345 4195 403 4257 pro
426 4174 608 4257 septenario
639 4175 852 4258 anapaestico,
877 4176 932 4238 sed
955 4175 1067 4239 melior
1090 4177 1152 4240 erit
1174 4199 1329 4244 numerus
1352 4181 1398 4245 sic
