2910 4778
222 305 295 353 XLII
649 358 652 363 ,
729 307 774 354 ΒΕ
793 307 887 354 THDS.

330 479 404 562 δῦ.
449 477 490 544 V.
537 475 605 544 lam
628 484 665 544 ut
687 478 727 544 ad
749 479 921 544 solutiones
938 480 1078 564 reliquas
1094 484 1189 564 atque
1205 481 1396 545 usitatiores

228 598 437 671 transeamus,
462 595 581 678 optime
603 595 739 663 soluitur
761 594 861 660 thesis
883 596 929 660 ita
952 599 988 661 ut
1011 600 1133 661 constet
1148 597 1293 680 primis
1310 597 1402 681 syl·

181 786 187 803 ι
223 709 332 774 labis
356 710 454 776 nocis.
493 711 576 794 qnod
599 711 633 774 in
656 732 693 775 eo
716 732 834 796 genere
858 712 1044 776 carmimum
1068 712 1151 797 quod
1166 723 1252 776 nunc
1266 713 1398 796 quaeri-

225 847 295 890 mus
322 826 528 911 septuagiens
551 826 620 890 fere
643 825 689 890 fit.

329 941 476 1006 Mediis
508 941 685 1026 syllabis
708 941 811 1007 soluta
833 940 934 1006 thesis
958 942 1117 1008 interdum
1140 947 1273 1008 constat.
1320 950 1401 1011 Ded.

226 1035 254 1094 7.
288 1036 304 1094 1
330 1036 433 1095 Ductu
455 1036 610 1114 auspicio
633 1036 832 1115 imperioque;
857 1036 929 1097 Sent
953 1039 1004 1097 54.
1031 1040 1048 1096 2
1073 1039 1155 1097 Nihil
1179 1057 1247 1098 curn
1269 1041 1400 1098 amara

224 1125 389 1184 sinesin..
427 1121 510 1204 quod
534 1119 661 1185 deciens
684 1121 730 1184 fit.

333 1234 410 1299 Per
445 1236 543 1299 duas
577 1256 698 1300 uoces
734 1236 887 1301 diuiditur
921 1236 1025 1301 soluta
1059 1235 1158 1301 thesis
1193 1237 1253 1314 bis,
1280 1259 1341 1301 uec
1365 1238 1398 1304 id

223 1351 257 1414 in
294 1350 359 1415 ullo
394 1351 463 1417 colo
497 1373 572 1416 uere
608 1351 744 1416 iambico
778 1355 833 1416 aut
862 1351 1033 1431 trochaico,
1057 1375 1131 1416 nam
1156 1353 1397 1436 anapaesticum

224 1471 272 1529 est
306 1465 385 1530 illud
419 1466 512 1552 Elog.
545 1467 576 1532 4.
601 1469 620 1530 2
646 1465 743 1531 'Mors
765 1467 901 1551 perfecit
923 1472 992 1531 tua
1016 1472 1057 1532 ut
1080 1471 1213 1546 essent';
1238 1491 1301 1551 quo
1324 1469 1400 1535 loca

223 1604 316 1646 uoces
351 1602 485 1664 quarum
519 1585 593 1645 sunt
627 1581 733 1646 theses
769 1582 889 1646 solutae
926 1583 1056 1648 elisione
1091 1587 1206 1647 coeunt
1228 1584 1261 1647 in
1286 1606 1398 1650 unum.

223 1697 442 1782 paroemiacns
478 1719 554 1763 uero
588 1697 791 1783 logaoedicus
827 1702 875 1762 est
909 1697 995 1764 Sent.
1032 1701 1073 1763 50
1103 1698 1267 1763 ’Vitidmst
1291 1700 1398 1783 quod

223 1813 346 1897 ubique
370 1814 556 1879 nimiumst'.

330 1928 551 2014 Disyllaba
574 1952 670 1995 uoce
686 1928 786 1994 thesis
803 1952 874 1994 cnm
890 1931 923 1994 in
938 1929 1052 2014 priscis
1068 1931 1261 1995 carminibus
1278 1930 1400 1997 Roma·

223 2067 338 2110 norum
372 2048 441 2109 tum
474 2045 508 2108 in
542 2045 603 2110 hoc
637 2068 755 2131 genere
787 2049 912 2110 constat
935 2046 1129 2131 frequenter,
1152 2052 1188 2110 ut
1212 2047 1292 2111 Ded.
1320 2049 1351 2113 7.
1376 2051 1398 2114 3.

224 2148 331 2224 Bene
355 2166 436 2226 rem
459 2163 553 2246 gera's
577 2165 609 2225 et
632 2162 739 2226 uaileas
764 2162 900 2225 dormias
916 2162 1004 2225 sine
1020 2165 1109 2246 qdra.
1145 2163 1230 2246 quod
1246 2163 1283 2226 fit
1299 2164 1397 2246 quin-

223 2277 392 2362 quagiena¹
405 2277 500 2360 idque
516 2277 642 2361 saepius
658 2277 692 2340 in
708 2277 901 2343 carminibus
915 2277 967 2341 uel
980 2277 1215 2361 antiquioribus
1227 2277 1280 2342 uel
1291 2300 1396 2363 popu-

223 2391 344 2457 laribus
381 2395 476 2476 atque
500 2391 731 2461 horridioribus
754 2415 851 2476 quam
873 2393 907 2457 in
930 2392 1178 2477 elegantioribus
1202 2394 1399 2459 carminibus

226 2507 304 2571 artis
339 2508 442 2592 magis
478 2508 630 2573 excultae.
676 2508 761 2572 inter
794 2508 923 2573 Liuium
958 2508 1085 2593 quidem
1121 2508 1339 2574 Andronicum
1364 2514 1397 2575 et

222 2620 393 2702 Naeuium,
428 2626 582 2706 quantum
615 2624 649 2687 in
683 2623 827 2707 reliqniis
861 2624 938 2688 licet
971 2646 1117 2688 numeros
1153 2624 1244 2704 inire,
1273 2625 1397 2709 aliquid

224 2739 366 2803 interest.
414 2761 489 2803 nam
522 2739 557 2802 in
580 2739 730 2803 saturniis
746 2738 832 2804 Liuii
856 2740 958 2803 soluta
981 2739 1080 2803 thesis
1104 2740 1295 2835 quinquiens
1321 2763 1396 2805 con·

224 2857 288 2918 stat
310 2854 415 2938 prima
437 2857 529 2938 parte
546 2855 633 2919 uocis
649 2855 878 2939 polysyllabae,
894 2856 1089 2940 totidemque
1106 2856 1183 2920 locis
1200 2877 1276 2920 uoce
1295 2857 1396 2940 disyl-

225 2970 309 3048 laba,
333 2971 367 3033 in
390 2968 507 3035 Naeuii
532 2973 638 3034 autem
654 2971 817 3034 sedeciens
833 2971 936 3056 prima
952 2976 1042 3055 parte
1060 2972 1146 3035 uocis
1163 2971 1398 3056 polysyllabae,

224 3086 274 3150 bis
299 3108 376 3149 uoce
402 3086 568 3170 disyllaba.
632 3131 634 3137 ·

336 3201 445 3265 Etiam
479 3201 612 3266 Plautus
647 3205 679 3265 et
713 3201 880 3267 Terentius
903 3202 936 3265 in
960 3223 1077 3288 genere
1099 3157 1198 3286 duplo
1223 3201 1309 3266 idem
1333 3204 1398 3271 sibi

223 3318 447 3401 permiserunt,
470 3321 505 3381 ut
528 3317 634 3382 thesin
657 3318 793 3383 solutam
817 3340 852 3382 ex
876 3339 955 3382 uoce
978 3318 1122 3383 facerent
1145 3318 1313 3402 disyllaba,
1338 3321 1395 3385 sed

223 3432 345 3497 modice
381 3433 413 3496 id
448 3438 651 3517 usurparunt,
686 3456 745 3499 nec
779 3434 880 3498 multo
903 3435 1007 3519 magis
1031 3456 1127 3518 quam
1152 3433 1400 3518 Aristophanes

223 3551 443 3612 uerumtamen
477 3571 540 3613 non
575 3550 767 3614 definierunt
802 3572 872 3615 eam
908 3551 1071 3615 licentiam
1105 3550 1250 3614 uersibus
1278 3550 1397 3636 longis.

223 3686 304 3747 quae
328 3685 387 3748 pro
410 3665 556 3747 portione
579 3687 642 3730 non
664 3666 758 3731 modo
781 3688 843 3730 non
868 3667 980 3745 rarior,
1004 3667 1060 3730 sed
1082 3666 1178 3729 etiam
1194 3665 1400 3750 frequentior

225 3781 310 3865 apud
333 3779 483 3847 Plautum
507 3782 633 3865 quidem
659 3785 707 3846 est
730 3783 764 3846 in
787 3782 999 3865 quaternariis
1022 3782 1244 3866 ternariisque.

329 3895 462 3981 Saepius
497 3898 599 3983 igitur
632 3898 756 3961 scilicet
790 3898 887 3983 primi
921 3898 1011 3982 pedis
1046 3897 1145 3961 thesis
1181 3898 1227 3961 ita
1250 3898 1398 3965 soluitur.

224 4018 379 4078 Terentius
413 4019 486 4078 Heu.
523 4018 585 4078 621
621 4018 755 4078 Sumus
790 4018 943 4095 Pa'mphile
967 4037 1053 4078 senex
1077 4023 1167 4096 atque
1191 4038 1271 4078 aena.
1319 4020 1399 4083 Eun.

224 4107 286 4165 301
313 4107 458 4175 Praent
480 4108 569 4166 hdius
593 4108 688 4167 rabies
714 4127 790 4183 quae
815 4108 909 4166 dabit.
956 4107 1086 4168 Plautus
1104 4108 1190 4185 Gapt.
1211 4107 1271 4166 197
1289 4109 1400 4171 Domi

222 4197 320 4256 fuistis
355 4198 442 4256 credo
476 4196 573 4256 liberi.
610 4196 671 4254 507
701 4197 794 4256 Dedi
818 4193 958 4274 Tyndaro
980 4197 1029 4254 ille
1053 4198 1128 4256 abiit
1151 4199 1282 4258 domum.
1333 4199 1397 4259 510

223 4284 327 4362 Rogo
350 4285 551 4345 Philocratem
574 4285 704 4360 equitem
729 4306 764 4345 ex
786 4257 887 4346 lllide.
910 4287 981 4345 Aul.
997 4285 1058 4345 138
1080 4288 1199 4346 Decet
1213 4290 1244 4345 te
1260 4288 1399 4363 equidem
