2910 4778
149 320 212 367 OCX
499 320 545 367 DE
562 318 725 367 consue.
743 319 854 366 nume.
871 318 965 366 soar.

149 492 312 557 subtiliore
345 493 457 556 caruit.
514 492 614 576 quid?
658 491 827 556 Plautinae
860 491 1041 556 comoediae
1076 513 1183 556 nonne
1215 490 1305 555 multo

148 609 251 693 magis
285 608 446 672 lectitatae
479 612 554 672 sunt
579 629 652 672 cum
674 609 716 672 ab
738 608 871 671 eruditis
893 606 1046 671 Romanis
1069 610 1142 671 tum
1165 630 1185 670 a
1206 628 1303 692 gram·

148 723 294 787 maticis?
339 727 374 787 at
394 724 468 787 inde
491 725 533 788 ab
555 722 682 787 Horatii
705 726 821 801 aetate,
843 723 1095 806 quotusquisque
1117 723 1182 786 fuit
1195 721 1304 787 Roma·

147 861 258 903 norum
291 840 346 922 qui
380 841 477 923 probe
512 839 643 904 calleret
664 861 811 903 numeros
833 838 1020 903 Plautinos?
1065 844 1190 922 quanto
1210 838 1306 923 magis

147 953 302 1019 Fauniam
323 957 444 1039 poesin,
467 957 557 1020 cuius
579 956 731 1019 memoria
752 956 855 1019 omnis
870 954 937 1018 fere
952 955 1037 1018 inter
1052 955 1197 1018 eruditos
1212 953 1304 1038 Odys·

146 1071 195 1134 sia
222 1071 306 1135 Liuii
329 1075 362 1134 et
384 1073 523 1136 carmine
546 1071 623 1135 belli
642 1070 755 1134 Punici
779 1071 819 1134 ad
843 1092 957 1154 pueros
979 1071 1139 1135 docendos
1163 1070 1304 1134 adhibitis

147 1191 334 1250 conseruata
359 1190 418 1265 est,
441 1209 605 1251 censemus
627 1188 762 1251 iacuisse
785 1187 819 1249 in
841 1187 993 1251 tenebris.
1037 1208 1234 1269 quamquam
1256 1208 1304 1249 ne·

146 1324 208 1386 que
231 1303 333 1366 omnis
355 1302 411 1366 illa
434 1303 572 1366 uarietas
595 1324 743 1366 uersuum
766 1302 894 1365 italicae
917 1302 1047 1385 propria
1069 1303 1213 1386 regionis
1229 1302 1304 1386 fugit

146 1417 291 1482 Caesium
327 1440 429 1502 neque
464 1417 593 1483 Caesius
626 1441 792 1482 numerum
826 1416 1008 1482 Saturnium
1028 1418 1050 1494 ¹)
1082 1417 1134 1481 his
1159 1419 1303 1497 terminis,

145 1535 260 1618 quibus
297 1535 497 1619 grammatici
534 1534 628 1598 hodie
663 1537 804 1612 utuntur,
839 1534 1097 1616 circumscripsit.
1164 1536 1219 1618 qui
1241 1536 1306 1619 qui*

146 1650 216 1714 dem
247 1673 279 1733 p.
311 1651 385 1714 265.
417 1652 456 1714 17
488 1650 528 1713 K
552 1651 648 1713 etiam
671 1649 732 1713 hoc
756 1650 847 1733 ponit
869 1671 970 1734 genus
993 1647 1155 1714 Saturnii:
1195 1651 1307 1714 Turdis

146 1767 289 1829 eddcihrts
311 1767 396 1830 dolds
415 1768 420 1846 l
439 1767 611 1850 εόηιρανάε,
635 1767 740 1828 urrrr'ce.
786 1766 875 1848 atqui
898 1788 936 1830 eo
951 1765 1101 1848 rhythmo
1117 1769 1317 1855 composith

144 1887 219 1945 sunt
252 1885 351 1945 sortes
386 1883 480 1953 1-4,
511 1882 626 1964 quibus
649 1881 821 1945 subsimilis
845 1886 894 1944 est
915 1903 982 1944 sors
1007 1883 1057 1945 la.
1103 1883 1306 1946 confirmatur·

144 1998 244 2082 igitur
265 1997 493 2080 quodammodo
507 1997 722 2060 testimouium
739 1995 842 2061 Caesii
858 1997 896 2060 de
919 2018 1052 2060 numero
1066 1995 1220 2062 Saturnio
1234 1999 1303 2081 ipsis

144 2113 287 2196 reliquiis
320 2113 423 2194 poesis
458 2111 607 2175 Fanniae.
654 2112 734 2175 adde
768 2113 852 2195 quod
886 2119 1016 2176 truncus
1045 2116 1096 2176 est
1118 2113 1174 2178 ille
1207 2113 1301 2178 Cassii

143 2229 241 2308 locus,
275 2229 329 2312 qui
363 2229 391 2291 si
414 2232 497 2291 esset
520 2229 656 2311 integer,
680 2228 812 2291 fortasse
836 2232 1160 2293 commemorarentur
1182 2230 1230 2294 ibi
1252 2252 1304 2314 ge·-

144 2367 221 2408 nera
246 2345 370 2407 numeri
394 2343 534 2407 Saturnii
556 2344 659 2426 plura.
705 2345 761 2407 sed
783 2344 876 2406 mitto
899 2345 1127 2428 grammaticos
1152 2346 1300 2431 antiquos.

248 2458 317 2524 Nec
351 2482 427 2524 uero
460 2459 527 2522 ulla
560 2481 638 2542 opus
676 2462 725 2522 est
748 2460 961 2542 disputatione
984 2482 1048 2543 qua
1072 2461 1303 2525 demonstretur

143 2576 271 2640 eosdem
309 2597 456 2639 numeros
493 2575 591 2638 fuisse
626 2597 806 2638 communes
841 2576 944 2638 omnis
981 2576 1085 2657 poesis
1115 2577 1242 2660 priscae
1274 2581 1301 2640 et

254 2763 277 2839 ¹)
301 2769 503 2827 Numerum
538 2768 711 2826 Saturnium
734 2768 805 2825 dicit
828 2768 970 2826 Horatius
994 2788 1039 2844 ep.
1065 2768 1095 2825 II
1123 2770 1150 2827 1.
1178 2771 1240 2828 158
1264 2799 1299 2808 -

142 2857 251 2916 nullius
284 2862 383 2915 autem
407 2862 451 2916 est
474 2857 615 2916 momenti
638 2858 718 2930 quod
740 2855 988 2915 Pseudo-Censor.
1014 2857 1065 2915 97.
1093 2858 1133 2916 12
1158 2853 1243 2916 Iolen
1263 2859 1299 2916 ita

142 2946 212 3005 dicit
235 2946 408 3004 Saturnium
431 2966 587 3004 nnmerum
609 2949 645 3003 ut
669 2950 790 3004 ceteros.
819 2979 853 2986 -
880 2964 1013 3004 uersus
1030 2947 1188 3006 Saturnios
1204 2949 1298 3007 dicunt

141 3035 238 3093 Varro
272 3037 293 3094 l.
327 3036 346 3092 l.
383 3035 441 3094 VH
466 3036 505 3094 36
529 3040 560 3093 et
582 3035 705 3092 Verrius
727 3034 850 3093 Flaccus
874 3035 953 3093 Fest.
979 3036 1041 3092 322
1067 3029 1113 3092 M
1114 3053 1129 3111 ;
1150 3056 1297 3096 uersum

142 3123 313 3182 Saturnium
337 3123 455 3183 Caesius
471 3125 579 3182 Bassus
595 3144 626 3199 p.
644 3123 705 3181 265
723 3117 769 3180 K.
805 3124 885 3198 qnod
908 3142 966 3181 non
990 3128 1100 3181 temere
1125 3126 1240 3184 factum
1261 3129 1305 3184 est.

140 3215 177 3269 ut
198 3231 354 3270 uersum
378 3214 488 3272 diceret
510 3212 693 3279 Saturnium,
718 3230 777 3287 qno
795 3216 874 3270 ”non
897 3213 1056 3270 obseruata
1079 3215 1145 3290 lege
1169 3235 1224 3274 nec
1245 3233 1298 3273 uno

140 3319 247 3376 genere
270 3302 437 3360 custodito”
461 3321 530 3360 usos
553 3321 615 3360 esse
632 3301 702 3359 dicit
716 3301 870 3375 ant-iquos;
895 3305 992 3359 cetera
1016 3306 1117 3360 autem
1137 3323 1215 3378 quae
1230 3307 1298 3362 trac·

140 3389 219 3446 tauit
253 3408 359 3464 genera
394 3391 555 3466 appellauit
589 3395 724 3459 metra,
750 3391 858 3465 quippe
882 3409 957 3464 quae
982 3391 1158 3450 certioribus
1183 3393 1302 3452 circum·-

140 3478 339 3536 scriberentur
361 3478 502 3540 terminis.
519 3499 586 3537 cum
602 3479 717 3536 numeri
729 3478 861 3536 Saturnii
873 3484 969 3536 esseut
981 3481 1052 3555 uagi
1069 3485 1098 3537 et
1112 3482 1203 3539 uarii.
1220 3481 1297 3540 nimi·

140 3586 205 3624 rum
223 3567 379 3642 generibus
391 3568 447 3626 illis
464 3569 551 3626 metri
563 3586 668 3626 nomen
682 3571 785 3642 aptum
808 3571 882 3635 erat,
906 3568 975 3626 huic
998 3587 1056 3626 non
1080 3569 1162 3627 item.
1211 3575 1298 3629 metra

140 3657 183 3714 ita
199 3655 275 3712 enim
292 3656 429 3714 dixerunt
444 3657 654 3714 Hermesianar
666 3659 696 3714 et
707 3656 899 3714 Alexandrini
912 3660 942 3714 et
955 3657 1044 3715 ceteri
1057 3658 1195 3734 deinceps
1205 3653 1296 3737 graeci

139 3743 326 3820 grammatici
348 3747 384 3802 ut
407 3746 536 3820 syllabas
560 3749 750 3803 numerarent
772 3747 872 3821 potius
896 3765 986 3819 qnam
1009 3747 1143 3822 rhythmi
1159 3749 1298 3807 haberent

139 3833 301 3901 rationem3
318 3830 444 3892 Graecos
461 3834 553 3892 secuti
569 3837 639 3892 sunt
654 3833 789 3892 Romani.
816 3833 875 3892 iam
892 3833 1013 3893 Seruius
1029 3836 1067 3893 ad
1082 3836 1175 3912 Verg.
1196 3837 1297 3912 Georg.
1327 3839 1329 3844 ’

139 3921 171 3979 ll
205 3921 266 3978 385
303 3922 382 3995 quod
417 3922 488 3980 dicit
522 3923 559 3980 ad
593 3923 810 3997 rhythmum
844 3924 939 3982 solnm
962 3925 1103 3999 uulgares
1128 3944 1297 4003 componere

140 4008 324 4068 cousnenisse
347 4009 510 4082 Saturnios,
534 4011 753 4085 rhythmum
775 4011 817 4070 ita
835 4012 915 4080 dicit,
936 4015 972 4070 ut
987 4032 1185 4072 numerum
1203 4014 1298 4074 Cicero

141 4117 184 4156 or.
222 4097 282 4155 183
319 4102 348 4155 et
379 4098 438 4156 172
468 4099 606 4157 discernit
629 4119 645 4156 a
668 4103 773 4158 metro.
818 4104 979 4158 metrum
1003 4110 1104 4164 autem
1128 4103 1298 4162 Saturnium

140 4186 263 4261 denique
297 4185 413 4245 infimae
447 4188 552 4245 aetatis
585 4189 770 4264 grammatici
794 4189 946 4247 dixerunt:
980 4189 1101 4250 Seruius
1125 4192 1145 4249 l.
1171 4211 1208 4265 c,
1232 4193 1305 4252 Pers

138 4275 244 4351 phyrio
267 4274 304 4332 ad
327 4275 400 4335 Hor.
424 4277 443 4333 l.
469 4295 505 4347 n,
530 4277 733 4346 Terentianus,
758 4277 877 4337 Atilius.
