2910 4778
629 325 699 373 aar.
718 326 761 372 1v.
780 318 797 385 a
815 328 840 372 4.
1214 327 1318 374 xxxix

139 500 175 563 in
211 497 384 564 trochaicis
419 498 550 581 quidem
584 498 662 562 colis
695 499 849 563 mutando
871 499 1040 583 exstirpari
1067 498 1173 564 theses
1196 499 1319 585 longas,

138 615 254 699 siquae
278 613 313 679 in
335 614 393 678 tali
416 613 491 678 sede
513 616 679 683 acuuntur.

252 837 271 920 ξ
294 839 341 903 4„
372 834 429 902 IV.
475 835 627 922 Sequitur
648 841 685 902 ut
708 859 865 921 exponam
887 838 927 903 de
949 836 1122 906 thesibus
1145 836 1292 906 solutis.

251 952 348 1018 Exitu
369 952 458 1018 nocis
482 955 540 1059 aut
559 953 648 1018 exitu
670 953 890 1041 praecedentis
914 957 947 1018 et
970 954 1127 1047 principio
1149 954 1319 1038 insequen-
1425 1037 1427 1040 Α

137 1071 186 1134 tis
222 1067 359 1134 solutam
392 1069 498 1133 thesin
522 1072 667 1134 constare
691 1091 751 1133 non
775 1069 871 1133 facile
894 1069 1013 1134 licebat
1035 1091 1094 1134 nec
1117 1068 1151 1133 in
1173 1069 1319 1135 iambicis

137 1185 291 1250 uersibus
314 1207 372 1249 nec
396 1186 430 1249 in
452 1185 623 1250 trochaicis
646 1184 819 1249 latinorum
834 1185 868 1264 ¹),
893 1185 981 1249 cuius
1005 1186 1052 1250 rei
1075 1207 1203 1257 causam
1227 1188 1319 1250 acute

142 1302 380 1366 demonstrauit
414 1299 559 1365 Havetus
585 1299 670 1367 MSL
695 1299 741 1364 VI
764 1301 842 1366 fasc.
861 1303 890 1365 1.
922 1304 971 1364 ‘at
987 1301 1191 1385 anapaestico
1207 1303 1319 1386 generi

140 1422 178 1483 et
214 1417 372 1502 dactylico
405 1417 479 1481 talis
514 1417 627 1481 solutio
662 1422 710 1480 est
744 1417 918 1501 aptissima.
965 1439 1037 1481 curn
1065 1421 1171 1481 autem
1194 1417 1320 1481 numeri

141 1534 271 1617 antiqui
306 1537 339 1598 et
373 1532 538 1597 domestici
561 1531 745 1597 Italicorum
768 1533 917 1597 uniuersa
939 1536 1055 1597 natura
1078 1533 1141 1596 sint
1164 1532 1217 1597 uel
1240 1533 1319 1596 iam-

147 1650 219 1714 bici
253 1650 306 1715 uel
339 1649 505 1727 trochaici,
529 1653 647 1728 tamen,
671 1649 747 1733 quia
769 1649 874 1732 poesis
897 1649 1060 1733 popularis
1084 1648 1247 1713 hominum
1271 1648 1321 1712 in-

142 1766 312 1830 doctorum
335 1768 421 1830 amat
444 1766 633 1831 uarietatem
658 1768 690 1829 et
712 1765 905 1844 libertatem,
931 1766 1066 1848 denique
1091 1765 1198 1831 omnia
1213 1768 1318 1828 trans-

140 1882 207 1967 igit
240 1882 413 1961 remissius,
448 1882 576 1966 generis
611 1881 701 1965 dupli
735 1881 996 1965 proprietatibus,
1030 1882 1114 1965 quod
1136 1903 1200 1946 non
1221 1881 1320 1947 semel

139 1997 295 2074 uidimus,
329 2019 393 2061 non
427 2018 554 2080 semper
577 1996 808 2060 adhaerescunt
834 2001 901 2061 tam
924 1997 1074 2081 religiose
1098 1997 1240 2061 carmina
1262 1997 1320 2061 ilia

141 2113 214 2178 eius
249 2114 375 2198 generis
398 2113 567 2197 popularia
590 2116 623 2176 et
646 2113 807 2196 incompta
831 2135 927 2196 quam
950 2112 1006 2176 illa
1029 2135 1111 2196 qnae
1135 2113 1222 2177 facta
1245 2116 1320 2176 sunt

141 2251 163 2293 a
187 2228 290 2312 poetis
314 2232 382 2292 arte
405 2229 595 2314 graecanica
612 2229 840 2313 disciplinaque
857 2229 1015 2293 seueriore
1031 2229 1173 2294 imbutis
1207 2251 1318 2313 quem·

141 2344 315 2409 admodum
339 2345 438 2430 igitur
461 2346 561 2410 mixta
584 2348 658 2409 sunt
681 2345 750 2409 cola
770 2346 909 2409 iambica
923 2344 1103 2425 trochaicis
1120 2345 1165 2408 sic
1181 2344 1320 2408 iambica

141 2459 371 2544 trochaicaque
407 2461 619 2544 anapaesticis
654 2461 891 2545 dactylicisque.
938 2461 1022 2544 quod
1056 2464 1089 2524 et
1127 2461 1160 2525 in
1183 2460 1318 2525 bimem-

140 2576 255 2641 bribus
290 2577 460 2656 uersibus,
480 2577 501 2640 i.
536 2599 564 2640 e.
599 2578 760 2653 saturniis,
785 2580 818 2640 et
841 2577 873 2641 in
898 2576 1094 2661 simplicibus
1117 2577 1163 2641 fit.
1210 2576 1319 2659 itaque

141 2693 252 2756 theses
286 2691 407 2756 solutae
442 2694 612 2757 ostendunt
647 2693 805 2778 dactylica
840 2716 908 2758 esse
936 2693 1092 2778 quaedam
1115 2691 1320 2756 hemistichia

142 2829 321 2891 uersasque
345 2809 533 2901 monocolos
558 2810 777 2892 anapaesticus
801 2810 955 2893 quosdam
977 2808 1167 2873 monocolos,

252 2923 1208 3008 Dactylicahemistichiathesibusitasolutis.
1232 2929 1318 3006 Elog.

143 3021 175 3078 5.
214 3020 232 3077 6
261 3021 297 3076 ne
321 3021 465 3095 quairattis
488 3021 614 3090 hondre3
639 3021 713 3078 Ded.
739 3020 768 3077 4.
795 3019 812 3076 7
837 3020 1049 3095 impratoribus
1071 3019 1226 3090 summeis3
1250 3018 1318 3077 Lin.

145 3108 162 3169 1
199 3098 203 3187 t
228 3111 322 3166 insece
345 3109 518 3180 uersdtum3
543 3107 600 3179 (12
627 3099 630 3188 t
655 3109 716 3167 filie
742 3153 748 3166 .
775 3153 781 3166 .
808 3152 815 3166 .
841 3107 878 3181 .);
904 3111 923 3166 4
950 3099 953 3187 1
979 3109 1044 3167 siim
1068 3107 1186 3167 Laertie
1209 3111 1320 3168 noster.

140 3216 282 3256 uersus
305 3198 505 3257 monocoli.
552 3197 634 3257 Sent.
660 3197 698 3255 51
726 3171 834 3255 Omnia
858 3200 975 3273 te'mpus
1001 3198 1131 3266 reuelat;
1155 3196 1242 3274 Elog.
1268 3196 1317 3271 15.

143 3287 164 3344 4
200 3304 248 3343 mo
281 3287 362 3345 heico
396 3287 486 3345 situm
521 3288 695 3356 immature3
734 3285 773 3344 17
806 3286 894 3344 Vibia
917 3288 1012 3343 mater
1035 3286 1133 3356 salue;
1158 3285 1239 3344 Sent.
1265 3284 1318 3344 61.

144 3376 163 3432 2
202 3375 328 3446 uenerit,
363 3376 473 3434 habeat
507 3375 634 3434 scabiem
669 3371 774 3449 (cuius
807 3390 917 3432 aereus
951 3369 1078 3452 spondei
1099 3376 1173 3432 suat
1196 3369 1320 3433 orsitus

139 3459 248 3543 prisco
271 3480 355 3523 more
377 3459 512 3540 solutis).

259 3762 282 3841 ¹)
314 3768 352 3829 ⁴In
384 3769 542 3828 trochaicis
577 3769 701 3827 fortasse
724 3768 755 3826 in
779 3787 844 3826 eam
866 3768 962 3844 legem
985 3771 1147 3844 peccarunt
1169 3768 1320 3826 interdum

144 3857 275 3932 antiqui,
307 3858 357 3916 sed
381 3857 412 3915 in
435 3857 566 3916 iambicis
589 3857 725 3915 uersibus
749 3876 813 3915 eam
837 3857 996 3916 scandendi
1018 3856 1168 3915 licentiam
1192 3875 1241 3915 eos
1264 3856 1320 3914 sihi

144 3946 314 4024 permisisse
338 3963 402 4005 non
426 3947 551 4006 efficitur
574 3946 609 4005 iis
624 3947 760 4005 uersibus
776 3947 825 4004 uel
842 3946 989 4023 ambiguis
1004 3946 1054 4004 uel
1069 3945 1225 4015 mendosis,
1244 3964 1318 4020 quos

144 4036 277 4094 afferunt
311 4034 333 4092 11
367 4035 391 4093 F
428 4034 455 4094 G
489 4037 650 4095 Muellerus
681 4054 760 4112 pros,
795 4034 826 4094 ΙΙ
863 4034 991 4094 13-16
1017 4038 1046 4093 et
1070 4035 1222 4092 Vahlenus
1246 4034 1319 4091 Her-

143 4144 212 4185 mae
236 4125 297 4183 vol.
320 4125 408 4183 XVII
432 4125 506 4184 604.
536 4159 569 4168 —
598 4128 630 4183 at
653 4125 683 4182 in
706 4124 827 4184 senariis
850 4125 1008 4183 titulorum
1032 4143 1066 4182 ea
1088 4127 1209 4181 manent
1230 4123 1318 4181 inter-

148 4215 222 4273 dum
245 4213 374 4290 uestigia
397 4215 485 4285 ruriS,
509 4217 545 4272 ut
568 4212 632 4273 ula
656 4214 700 4272 VI
725 4214 809 4275 6982
835 4208 946 4272 ’Norat
963 4208 1065 4271 ddlerd
1081 4207 1218 4288 parantes
1235 4231 1321 4270 euen-

144 4308 213 4362 tum
236 4321 346 4362 meum.
