2910 4778
236 311 361 358 Lmrv
714 310 881 358 mcmrs
900 311 920 357 L

343 483 516 548 Videamus
545 485 647 568 igitur
673 484 811 566 primum
832 506 944 548 uersus
966 485 1142 562 titulorum,
1164 486 1222 569 qui
1243 489 1316 551 arte
1337 507 1405 551 uer·

235 600 350 665 nacula
372 605 405 665 et
428 601 499 664 rudi
521 600 600 664 facti
622 605 705 665 sunt.

236 714 329 803 Blog.
352 719 385 782 l.
408 719 428 780 2
473 714 562 780 Mors
584 717 721 799 perfecit
743 720 799 779 tua
822 720 857 779 ut
881 719 986 780 esseni
1031 717 1164 781 omnia
1191 717 1306 782 breuia
1322 718 1348 794 ¹)

277 884 290 913 ,
353 835 409 898 29.
432 835 453 898 3
476 833 613 917 gratia
636 832 767 896 rela'tast

342 970 406 1031 CIL
429 970 474 1029 VI
498 972 605 1031 21696
631 976 695 1047 'pro
717 972 846 1030 meriteis
870 972 941 1030 dant
963 967 1034 1030 ubei
1057 975 1160 1031 eorum
1183 975 1300 1031 ossua
1317 972 1406 1049 quies

235 1066 314 1121 cant’
336 1062 415 1120 male
437 1061 617 1136 descriptum
640 1064 685 1119 est
707 1081 742 1118 er
762 1062 852 1120 titulo
868 1061 1036 1136 antiquiore
1051 1061 1095 1127 (u.
1110 1061 1200 1119 huius
1215 1062 1264 1120 ed.
1281 1083 1313 1138 p.
1332 1056 1404 1138 82).

235 1189 331 1275 Elog.
355 1190 409 1254 30.
432 1191 452 1252 2
476 1189 626 1254 femina
649 1189 748 1252 salue.

341 1304 527 1369 Proximum
551 1309 599 1367 est
623 1310 658 1367 ut
680 1306 879 1387 proferamus
902 1305 1049 1387 exempla
1071 1305 1237 1368 librorum.

235 1418 368 1486 Poenuli
390 1420 514 1505 prolog.
538 1421 580 1484 85
604 1419 718 1484 Alte'ra
740 1421 953 1503 quinquennis
976 1420 1109 1484 altera
1131 1420 1340 1504 quadrimula

341 1562 366 1619 is
396 1561 539 1636 prologus
565 1560 692 1635 scriptus
715 1564 761 1617 est
782 1561 851 1634 post
872 1559 1006 1616 fabulam
1027 1559 1204 1627 Ennianum,
1229 1559 1278 1618 cni
1303 1579 1406 1618 nomen

235 1655 301 1709 erat
327 1649 455 1708 Achilles
479 1648 654 1718 Aristarchi,
678 1649 762 1707 cuius
786 1648 906 1705 fabulae
928 1667 1032 1706 uersus
1056 1649 1116 1706 duo
1138 1648 1270 1723 scriptor
1292 1648 1405 1726 prologi

234 1743 372 1814 usurpat.
402 1757 434 1794 u.
459 1737 478 1794 3
502 1741 533 1794 et
556 1739 592 1805 43
617 1738 653 1795 de
676 1757 736 1812 qua
759 1757 791 1795 re
813 1737 845 1794 in
867 1756 972 1795 comm.
997 1736 1128 1813 Ussingii
1150 1757 1180 1812 p.
1206 1737 1272 1796 295
1297 1738 1404 1815 agitur.

341 1863 465 1928 Ennius
500 1886 552 1947 ap.
586 1864 764 1928 Ausonium
798 1863 1044 1950 Technopaegn.
1080 1866 1132 1928 24.
1159 1867 1199 1930 19
1224 1887 1258 1949 p.
1284 1866 1350 1930 168
1372 1865 1404 1945 Ρ,

235 1982 353 2066 fragm.
388 1981 452 2044 562
493 1979 651 2044 17:269
686 1980 858 2046 M=375
892 1980 926 2042 B
956 1981 1133 2064 populea
1155 1980 1222 2045 fros
1246 1981 1333 2061 (frus
1355 1981 1404 2045 all.

236 2096 347 2178 codd.).

236 2256 271 2294 ea
293 2236 387 2294 uerba
416 2239 486 2294 sunt
512 2235 542 2293 in
566 2235 647 2293 exitu
670 2235 832 2293 hexametri
855 2236 935 2310 apnd
958 2235 1124 2293 Ausonium
1148 2235 1280 2310 quidem·
1330 2238 1403 2315 quod

236 2325 308 2383 dicit
330 2323 366 2383 L.
389 2325 515 2383 Mueller
538 2325 574 2383 de
597 2323 632 2393 Q.
655 2324 751 2382 Ennio
774 2345 804 2400 p.
829 2324 891 2382 237
920 2324 1066 2400 positione
1093 2325 1184 2383 ahoe
1199 2326 1267 2385 loco
1283 2327 1404 2402 produci

237 2415 267 2472 id
301 2432 361 2472 non
394 2413 467 2472 satis
490 2414 621 2472 estuari
644 2413 747 2471 simile.
794 2413 876 2488 quod
897 2414 974 2470 enim
999 2414 1079 2488 apud
1101 2405 1281 2489 posteriores
1306 2418 1403 2492 poetas

235 2502 384 2561 Romanos
406 2502 496 2561 moris
519 2503 578 2560 fuit
600 2503 763 2560 communis
785 2505 821 2560 nt
843 2503 975 2577 syllabae
998 2502 1143 2576 positione
1158 2504 1401 2577 producerentur,

236 2592 298 2650 eius
321 2591 364 2649 rei
387 2591 549 2666 primordia
572 2591 678 2667 exigua
702 2591 848 2665 quaedam
870 2594 941 2649 suut
963 2591 994 2648 in
1017 2591 1196 2649 carminibus
1219 2592 1322 2652 Ennii.
1358 2592 1402 2670 qui

236 2699 305 2740 raro
326 2680 486 2756 usmpauit
507 2680 537 2737 in
562 2698 596 2738 eo
618 2699 725 2755 genere
749 2699 783 2738 eu
804 2699 879 2754 quae
894 2680 1107 2755 posterioribus
1123 2680 1248 2739 solemni
1262 2701 1325 2742 usu
1339 2685 1403 2742 sunt

236 2770 408 2840 constituta,
442 2769 552 2827 nedum
587 2769 710 2826 auderet
744 2788 778 2825 ea
800 2768 847 2826 uti
869 2769 1064 2843 productione
1088 2788 1163 2844 quae
1186 2771 1399 2845 posterioribus

237 2858 307 2933 ipsis
333 2889 372 2897 -
398 2858 479 2933 quod
502 2858 718 2916 demonstrauit
741 2857 813 2915 Luc.
838 2857 964 2915 Mueller
987 2859 1022 2915 de
1046 2878 1070 2914 r.
1093 2879 1133 2916 m.
1149 2879 1179 2933 p.
1198 2858 1262 2916 319
1279 2879 1347 2936 sqq.
1365 2890 1401 2899 -

236 2966 321 3004 rarae
336 2947 395 3005 fuit
410 2966 445 3006 ae
459 2947 511 3005 nix
525 2946 684 3022 permissae
700 2947 846 3004 licentiae.
885 2947 998 3004 accedit
1014 2948 1094 3021 qnod
1109 2946 1184 3005 Luc.
1200 2948 1331 3008 Mueller
1344 2950 1400 3026 ipse

236 3035 322 3094 docet
343 3035 414 3093 libri
436 3036 472 3093 de
494 3034 529 3104 Q.
552 3035 648 3094 Ennio
671 3056 701 3111 p.
727 3035 787 3092 23?
812 3035 941 3092 Ennium
965 3035 1087 3093 breuem
1109 3037 1246 3094 uocalem
1267 3039 1402 3097 ultimam

236 3142 295 3183 non
317 3125 411 3182 solere
433 3125 595 3199 producere
618 3124 642 3182 si
666 3128 830 3200 sequantur
853 3123 928 3182 duae
949 3124 1099 3200 proximae
1114 3125 1195 3184 uocis
1211 3130 1402 3186 consonantes

236 3212 358 3288 primae,
381 3218 418 3270 nt
441 3207 603 3288 ”uitaeque
625 3217 798 3290 propagen’'
815 3206 852 3284 2)

349 3473 373 3555 ¹)
397 3478 461 3538 Hoc
484 3480 614 3556 elogium
636 3480 670 3538 P.
696 3479 838 3556 Scipionis
862 3481 1006 3556 scriptum
1029 3484 1074 3540 est
1096 3483 1215 3541 saeculo
1238 3480 1329 3544 vnto
1345 3502 1402 3542 exe·

235 3570 309 3625 unte
332 3571 385 3626 aut
407 3567 527 3627 ineunte
549 3569 680 3628 Vllzmo.
726 3570 828 3627 eadem
851 3574 949 3628 aetate
973 3570 1045 3628 facti
1067 3589 1129 3629 esse
1151 3571 1297 3630 uidentur
1318 3571 1405 3632 ceteri

235 3675 340 3715 uersus
364 3656 527 3734 alogiorum
550 3676 677 3734 quorum
700 3659 843 3717 hocloco
867 3659 923 3717 feci
944 3659 1133 3718 mentionem.
1179 3678 1255 3735 quos
1279 3661 1404 3737 antiqui-

236 3763 302 3803 ores
336 3763 398 3804 esse
432 3745 528 3805 titulis
551 3747 581 3804 in
605 3747 713 3822 quibus
737 3747 934 3805 exstantiam
958 3747 1070 3806 dictum
1093 3751 1138 3806 est
1161 3747 1191 3805 in
1214 3749 1405 3811 adnotatione

237 3832 348 3892 critica.

334 3915 371 3993 .²)
397 3921 538 3982 Graecam
575 3941 680 3982 uocem
713 3924 854 3998 produxit
891 3924 1004 3983 Ennius
1039 3925 1102 3984 484
1144 3919 1173 3981 V
1194 3948 1236 3972 =
1261 3927 1326 3986 967
1362 3922 1405 3986 Μ.

238 4010 356 4069 ''Multa
389 4011 454 4071 foro
487 4012 573 4088 ponit
598 4015 629 4069 et
651 4016 767 4088 agoer's
789 4012 877 4090 longa
899 4014 1064 4089 repletur”.
1111 4015 1192 4089 quod
1215 4015 1406 4096 adproprie-

236 4102 328 4157 tatem
364 4100 449 4158 latini
482 4099 623 4159 sermonis
657 4119 716 4159 non
742 4101 837 4178 magis
859 4102 989 4178 pertinet
1012 4122 1101 4178 quam
1126 4103 1205 4179 quod
1228 4106 1407 4180 posteriores

236 4191 341 4262 poetae
375 4184 460 4246 latini
494 4189 632 4247 dixerunt
665 4188 869 4248 Amalthea
904 4190 1140 4263 Leucothea,
1164 4212 1196 4251 u.
1220 4191 1345 4253 Laobm.
1371 4195 1408 4254 ad

237 4274 357 4334 Lucret.
381 4276 425 4334 VI
449 4277 510 4336 971
536 4298 565 4353 p.
590 4277 664 4335 405.
