2910 4778
531 304 601 351 oar.
620 305 678 351 vu.
698 298 713 363 ς
733 307 756 350 a.
1096 307 1236 354 cxxxvu

60 480 184 559 piisque
220 476 252 538 in
288 480 392 540 castra
426 475 577 540 reuorti’'.
624 499 681 561 pro
718 474 879 541 ''datur'’
904 477 940 542 G.
966 478 1169 543 Hermaunus
1193 481 1234 563 oj.

62 589 210 670 ''data''‚
246 592 329 674 quod
365 591 449 656 haud
485 592 549 656 scio
585 616 625 656 an
659 593 701 656 sit
729 593 958 677 recipiendum.
1005 593 1102 658 Titin.
1128 599 1234 658 autem

61 729 113 790 ap.
137 705 220 772 Nou.
247 710 319 772 102.
346 711 420 772 3=
436 709 476 774 76
500 708 530 771 R
553 709 635 772 malo
660 731 731 772 cunr
750 709 892 773 Luciano
910 709 1066 773 Muellero
1082 711 1127 774 sic
1144 733 1236 774 soan-

61 823 137 886 dere
174 826 290 907 ''quam
326 828 385 908 ego
422 823 515 889 hodie
546 828 704 888 extorrem
739 824 799 888 hac
835 826 946 889 domo
972 822 974 909 l
1001 825 1130 889 Faciam
1154 828 1236 909 pila-

61 943 176 1003 tricem
211 940 289 1022 palli
331 940 526 1023 pulchreque
563 941 764 1006 euallauero''
804 963 900 1024 quam
936 964 1007 1005 cum
1042 942 1235 1008 Ribbeckio:

62 1056 179 1138 ”quam
216 1078 276 1140 ego
310 1055 404 1119 hodie
441 1058 598 1120 extorrem
636 1053 639 1140 l
677 1056 748 1120 Hac
780 1058 890 1120 domo
916 1058 1032 1121 faciam
1056 1058 1236 1141 pilatricem

60 1171 168 1254 pallae
203 1171 443 1236 euallauero
477 1173 621 1255 pulchre.
668 1172 822 1236 Afranius
846 1196 896 1256 ap.
921 1171 1006 1238 Nou.
1032 1175 1104 1236 512.
1131 1175 1172 1236 26
1198 1197 1237 1238 ex

60 1287 226 1350 scansione
251 1291 283 1349 et
305 1287 441 1351 lectione
466 1287 637 1352 Ribbeclrii
661 1311 741 1352 com.
769 1291 808 1352 12
834 1288 927 1353 ”Hac
950 1289 1073 1369 haeret,
1097 1291 1237 1354 athoud

60 1403 182 1467 clamor
205 1404 314 1482 oritur,
338 1406 393 1466 ser]
417 1400 609 1485 spiritum
632 1405 768 1468 firmiter
780 1405 881 1481 inflat,
899 1408 932 1468 at
947 1405 1025 1468 Luc.
1039 1406 1234 1471 Muellerus:

62 1519 157 1582 ”Hoc
181 1518 301 1598 haeret,
325 1523 397 1583 utut
421 1520 537 1583 clamos
561 1521 672 1599 oritur,
701 1521 747 1584 sei
778 1525 843 1604 spi
850 1521 956 1584 ritus
980 1522 1115 1585 firmiter
1138 1523 1236 1585 insit'’

60 1635 176 1711 (instat
199 1635 294 1711 libra).
340 1639 469 1718 praeter
492 1635 548 1700 hos
584 1640 616 1700 et
640 1659 814 1720 perpaucos
839 1641 871 1700 et
894 1639 1038 1720 profecto
1063 1638 1154 1701 ualde
1180 1641 1237 1702 du-

61 1751 133 1815 bios
168 1751 272 1814 nullus
296 1755 401 1815 exstat
424 1751 528 1815 Plauti
554 1756 658 1815 aetate
682 1753 842 1835 posterior
875 1775 986 1816 uersus
1016 1755 1237 1837 anapaesticus

61 1869 142 1951 quin
177 1867 280 1930 factus
315 1868 357 1930 sit
392 1868 432 1930 ad
455 1891 597 1932 normam
622 1869 813 1932 seueriorem
838 1869 936 1948 illam,
962 1892 1057 1952 quam
1081 1871 1237 1953 dactylico

62 1983 176 2068 generi
200 1984 365 2047 constituit
389 1984 521 2047 Ennius.

171 2099 209 2163 In
243 2100 357 2163 iambis
392 2121 469 2162 ucro
505 2103 537 2163 et
570 2101 730 2164 trochaeis
755 2102 872 2165 diutius
896 2102 959 2164 uim
986 2125 1074 2165 suam
1100 2103 1239 2167 obtinuit

62 2219 218 2279 uetustas.
265 2238 367 2298 neque
404 2216 488 2278 enim
518 2217 624 2298 prisca
647 2217 778 2280 licentia
802 2218 923 2280 iambos
948 2218 1142 2300 corripiendi
1165 2241 1238 2281 uer·

64 2332 153 2395 sibus
179 2332 370 2395 comicorum
395 2332 526 2395 definita
551 2337 613 2408 est;
638 2333 854 2415 pertinuitque
875 2333 914 2395 ad
930 2334 1112 2396 uniuersam
1128 2335 1237 2416 poesin

62 2449 243 2531 priscorum
266 2447 491 2512 Romanorum.
539 2471 612 2510 nam
629 2450 667 2511 de
685 2449 797 2531 patriis
814 2449 1028 2513 Romanorum
1045 2450 1156 2513 metris
1172 2451 1236 2513 iam

64 2564 263 2646 disputatum
298 2566 355 2626 est.
403 2567 526 2626 restant
561 2565 678 2627 senarii
714 2568 746 2627 et
769 2566 943 2648 septenarii
966 2566 1171 2649 tragicorum.
1219 2590 1238 2630 a

64 2679 188 2763 quibus
216 2679 447 2761 correptionem
482 2679 652 2743 iambicam
687 2702 749 2742 non
784 2681 945 2744 exclusam
977 2703 1044 2744 esse
1069 2682 1240 2745 ostendunt

63 2795 257 2878 fragmenta,
304 2816 495 2877 quamquam
522 2816 628 2858 eorum
652 2795 804 2877 pleraque
830 2796 926 2859 dubia
950 2799 1032 2875 sunt,
1056 2819 1137 2879 quae
1155 2800 1240 2859 aste·

64 2911 148 2974 risco
170 2910 299 2973 notabo.
346 2911 456 2973 omitto
480 2932 556 2973 uero
579 2910 736 2993 quaedam
759 2912 896 2974 maxime
922 2912 1028 2975 dubia.
1076 2910 1238 2976 *Naeuius

64 3025 178 3090 Danae
202 3048 253 3109 ap.
277 3023 361 3089 Non.
385 3026 460 3090 456.
475 3027 516 3088 26
531 3026 634 3089 ”Eam
650 3047 733 3089 nunc
746 3048 814 3089 esse
831 3027 995 3090 inuentam
1012 3027 1159 3110 probri
1175 3029 1237 3092 scis

64 3143 286 3225 compoten1?”
324 3142 447 3223 propris
485 3142 645 3224 (propriis)
678 3163 704 3205 o.
740 3143 801 3204 scis
826 3143 909 3206 libri.
957 3142 1088 3206 *Liuius
1112 3142 1240 3207 Andro-

63 3259 156 3321 nicus
191 3256 290 3320 Aiace
314 3256 410 3320 Mast.
435 3279 486 3339 ap.
510 3255 593 3320 Non.
619 3259 694 3321 207.
720 3259 912 3342 33=trag.
940 3259 980 3321 16
1005 3258 1035 3320 R
1056 3258 1240 3322 ’'Praestost

63 3373 179 3438 uirtuti
201 3373 281 3451 lans,
306 3372 400 3457 gelu
424 3373 479 3436 sed
502 3373 602 3436 multo
626 3373 712 3436 ocius
731 3369 733 3457 l
752 3372 859 3436 Venio
875 3375 1044 3437 tabescit''.
1080 3379 1240 3457 praestost

63 3512 96 3553 u.
133 3488 155 3553 l.
190 3491 320 3573 scripsi:
343 3491 523 3572 praestatur
546 3488 566 3552 I.
593 3511 622 3551 u.
647 3488 732 3551 codd.
740 3511 755 3569 ,·
777 3511 876 3552 uerno
899 3489 1122 3553 Buechelerus:
1145 3491 1239 3554 uenio

63 3605 154 3670 aaut
190 3603 333 3668 Naeuius
369 3606 402 3668 in
436 3608 604 3687 praetexta
620 3604 775 3714 Euadam
810 3628 862 3687 ap.
898 3604 962 3670 Cio.
992 3605 1060 3669 Cat.
1085 3605 1130 3670 M.
1155 3605 1172 3687 ᾗ
1198 3608 1239 3670 20

64 3720 326 3784 ”Proueniebant
360 3721 500 3784 oratores
535 3714 673 3799 narsei,
698 3720 798 3797 stulti,
823 3721 1051 3785 adulescentuli
1062 3723 1091 3798 ;”
1117 3723 1241 3804 dequo

63 3858 163 3902 uersu
180 3836 233 3920 egi
249 3858 280 3919 p.
299 3833 405 3899 CXIII
418 3858 465 3919 sq.
479 3836 526 3899 illi
544 3839 650 3900 autem
664 3838 702 3900 de
719 3836 810 3919 Lupo
822 3858 932 3900 uersus
949 3834 1066 3900 Naeuii
1083 3859 1133 3920 ap.
1154 3835 1240 3902 Fest.

64 3952 131 4018 370
170 3951 227 4016 Tu.
250 3952 288 4014 du
312 3950 350 4016 P.
365 3951 484 4016 :270
508 3950 713 4016 M=Naeu
738 3955 841 4034 praet.
867 3955 886 4016 5
910 3952 941 4014 R
964 3974 1035 4016 cum
1059 3952 1123 4015 sint
1146 3952 1239 4017 ualde

63 4068 219 4150 corrupti,
237 4069 393 4151 quomodo
409 4069 560 4131 scandam
574 4068 701 4145 dubit0;
718 4068 773 4131 sed
786 4067 909 4132 scilicet
920 4091 983 4132 non
996 4071 1110 4151 potest,
1124 4070 1159 4130 ut
1171 4066 1241 4130 uult

63 4182 275 4262 Ribbeckius‚
289 4183 350 4246 dici
376 4183 641 4264 ''redhostis'',
666 4184 704 4246 de
717 4205 781 4267 qua
793 4206 827 4246 re
841 4183 1002 4266 disputaui
1014 4205 1045 4266 p.
1061 4180 1240 4249 CXXXIII.

66 4335 107 4347 -
134 4299 258 4363 Ennius
281 4297 410 4363 Achille
436 4321 487 4382 ap.
513 4296 623 4363 Isidor.
649 4299 715 4364 diff.
734 4299 797 4363 218
812 4327 853 4352 =
866 4303 950 4383 trag.
970 4299 1009 4362 10
1027 4297 1057 4361 R
1075 4333 1113 4343 -
1133 4301 1242 4400 'jarim-
