2910 4778
220 303 324 349 LXXVI
713 302 859 349 EXCVSVS
878 302 898 348 Ι.

224 477 333 538 manet
360 497 417 538 nec
441 474 598 558 synizesin
622 475 754 558 patitur,
779 475 835 537 sed
859 475 969 537 eodem
993 473 1072 536 haec
1096 473 1176 537 uitia
1199 473 1302 538 habet
1327 495 1399 558 gra-

219 591 351 654 uissima
384 591 469 674 qnod
504 589 689 654 allitteratio
724 590 909 675 neglegitur
939 590 1180 672 sententiaeque
1215 592 1312 653 tenor
1346 590 1397 652 in·

127 688 131 693 ⁵
218 706 427 789 terrumpitur
451 727 488 769 eo
511 705 594 788 quod
617 704 743 769 Terra
765 728 829 768 non
852 705 944 770 inodo
968 727 987 767 a
1009 705 1195 788 praedicato
1217 705 1398 810 recipit,

219 822 274 885 sed
308 821 406 885 etiam
440 822 481 884 ab
516 821 669 884 attributo
703 821 847 885 lubens
875 821 1053 884 seiunctum
1083 821 1116 883 in
1140 820 1240 884 alium
1264 842 1394 884 uersum

222 937 395 1021 relegatur,
420 936 503 1018 quod
527 935 651 1018 quidem
677 935 709 998 in
734 937 927 1000 carminibus
951 937 1101 999 saturniis
1125 936 1318 1004 inusitatum
1339 940 1394 1000 est.

221 1053 276 1115 sed
300 1052 351 1115 fac
375 1050 434 1115 hoc
458 1055 627 1133 utrumque
651 1072 744 1134 posse
768 1051 908 1122 tolerari,
933 1050 1175 1114 restat‘TerraZ
1191 1051 1309 1114 ultima
1326 1074 1399 1135 pro·

222 1169 327 1230 ducta.
374 1167 459 1249 quod
482 1166 552 1229 fieri
576 1171 704 1249 praeter
728 1167 985 1230 consuetudinem
1010 1167 1077 1230 eius
1098 1168 1251 1249 temporis
1268 1189 1333 1250 quo
1348 1167 1399 1234 hic

222 1283 334 1346 titulus
370 1283 507 1365 scriptus
543 1286 592 1345 est
628 1304 676 1327 -·
704 1305 779 1345 nam
813 1283 949 1364 scriptus
974 1285 1022 1345 est
1045 1286 1118 1364 post
1141 1287 1277 1345 mortem
1302 1283 1398 1347 Ennii

220 1403 333 1481 poetae
371 1434 410 1442 -
446 1420 539 1461 nemo
572 1399 701 1482 ignorat
724 1399 778 1480 qui
802 1398 931 1480 quidem
955 1398 1061 1480 aliqua
1084 1398 1225 1462 imbutus
1250 1399 1293 1462 sit
1319 1421 1395 1483 cog-

219 1515 340 1578 nitione
375 1515 471 1596 prisci
501 1515 655 1577 sermonis
690 1514 792 1578 latini.
846 1535 948 1595 neque
985 1515 1070 1576 enirn
1104 1513 1156 1576 hic
1192 1537 1307 1577 uersus
1342 1537 1398 1578 ex·

223 1635 354 1708 tramae,
379 1652 440 1713 quo
464 1629 545 1692 nihil
568 1630 634 1693 fere
659 1630 718 1692 nisi
741 1630 870 1692 nomina
888 1630 956 1692 eius¹
971 1630 1003 1692 in
1021 1631 1108 1693 cuius
1124 1629 1280 1693 honorem
1298 1632 1399 1713 scrip·

221 1750 272 1809 tus
297 1749 344 1809 est
368 1746 579 1819 contineatur,
611 1768 630 1807 a
652 1746 826 1808 uetustiore
852 1745 993 1808 carmine
1017 1748 1123 1827 potest
1147 1768 1216 1808 esse
1240 1750 1399 1829 sumptus

223 1863 278 1926 sed
303 1861 453 1924 uidelicet
476 1863 614 1942 scriptus
638 1864 686 1922 est
710 1861 803 1924 simul
824 1884 894 1924 cunr
911 1861 1025 1924 ceteris
1043 1862 1110 1923 eius
1127 1861 1223 1945 elogii
1241 1863 1399 1926 uersibus.

240 2006 243 2011 ·
328 1975 390 2040 Sed
414 1976 472 2040 hoc
496 1977 579 2058 quod
602 1998 685 2039 nunc
709 1978 800 2040 nobis
824 1978 1040 2059 quaerendum
1065 1982 1113 2039 cst
1135 1977 1292 2059 quomodo
1309 1983 1400 2041 aeta·

221 2093 306 2156 tibus
348 2091 517 2155 definiatur
565 2093 824 2174 discernaturque
859 2092 1024 2175 productio
1060 2092 1089 2154 A
1124 2093 1252 2155 litterae
1290 2093 1399 2156 finalis

221 2209 319 2272 latius
343 2210 442 2290 patet.
489 2211 563 2271 sunt
587 2209 671 2271 enim
695 2209 802 2290 plures
826 2230 936 2271 uersus
959 2208 993 2271 in
1009 2208 1122 2292 elogiis
1138 2207 1327 2290 Scipionum
1345 2210 1400 2292 qui

225 2324 272 2386 ita
295 2323 417 2386 soleant
440 2323 549 2386 scandi
573 2326 608 2386 ut
631 2322 662 2386 Α
686 2328 829 2386 extrema
852 2324 1045 2405 producatur
1069 2324 1101 2386 in
1126 2324 1198 2386 arsi.
1247 2325 1294 2386 ita
1313 2326 1402 2391 enim

223 2439 321 2522 uulgo
344 2439 501 2502 scandunt
524 2442 651 2501 auctore
675 2438 851 2502 Ritschelio
869 2439 906 2515 1);

224 2554 317 2638 Elog.
344 2557 373 2617 2.
399 2556 428 2616 3.
456 2555 588 2636 ”quoius
612 2555 740 2617 formai
764 2555 896 2617 uirtutei
942 2555 1103 2636 parisuma
1126 2555 1209 2617 fuin’

266 2721 277 2749 ,
343 2671 373 2733 4.
399 2671 428 2732 2.
455 2668 575 2733 ”honos
599 2671 705 2733 fama
728 2670 894 2752 uirtusque
941 2670 1044 2753 gloria
1067 2673 1162 2752 atque
1186 2671 1381 2754 ingenium''

266 2837 278 2864 ,
344 2786 374 2848 5.
401 2789 429 2849 3.
457 2785 584 2868 ''quoier'
606 2786 693 2848 uita
718 2786 844 2860 defecit,
891 2808 953 2848 non
976 2785 1075 2848 honos
1098 2785 1250 2849 honore'‘.

224 2906 319 2984 atque
355 2902 395 2964 ad
431 2902 646 2964 scandendum
679 2901 771 2985 Elog.
798 2903 827 2964 2.
853 2903 883 2964 3.
908 2901 988 2963 nihil
1013 2902 1112 2964 refert
1135 2906 1243 2964 utrum
1266 2903 1414 2968 formai·

225 3018 281 3080 illa
306 3020 410 3079 aetate
435 3018 480 3080 sic
504 3017 567 3080 dici
590 3018 731 3100 potuerit
754 3039 864 3080 necne.
911 3039 984 3079 nam
1009 3016 1141 3080 Plautus
1166 3022 1198 3080 et
1217 3017 1401 3099 Terentina,

224 3137 321 3196 testes
356 3132 606 3215 locupletissimi,
641 3133 925 3196 innumerabilibus
961 3134 1076 3196 docent
1109 3133 1262 3216 exemplis
1286 3139 1403 3217 poetas

224 3249 346 3331 priscos
381 3248 415 3311 in
442 3249 556 3311 iambis
587 3271 649 3312 non
674 3250 790 3312 dixisse
815 3249 977 3331 quoius;
1002 3248 1129 3311 relatiui
1154 3250 1283 3331 quidem
1308 3253 1402 3334 geni·

228 3365 313 3427 tinus
337 3364 509 3448 singularis
534 3365 629 3431 icturn
653 3366 687 3427 in
711 3366 822 3428 ultima
846 3387 910 3428 non
934 3364 1074 3429 habebat
1097 3365 1327 3448 dicebaturque
1347 3371 1404 3431 aut

225 3480 370 3566 qudius
405 3500 555 3562 percussa
590 3482 788 3564 paenultima
822 3486 877 3543 arnt
911 3503 969 3563 per
1005 3500 1114 3543 uocem
1147 3481 1402 3564 monosyllabam

257 3568 339 3610 Α

225 3617 380 3699 quoius.
426 3614 617 3697 relinquitur
640 3616 741 3700 igitur
764 3618 799 3678 ut
822 3615 867 3678 sic
892 3615 1095 3677 scandamus:

469 3700 581 3815 qudhis
605 3732 732 3795 forma
756 3731 888 3793 uirtntei
913 3767 953 3774 -
980 3766 1020 3773 —-
1047 3766 1087 3773 -
1114 3766 1165 3793 —.

226 3853 259 3911 at
283 3846 377 3931 Elog.
403 3849 432 3909 4.
459 3849 477 3910 2
503 3852 534 3910 et
558 3849 589 3911 5.
614 3851 644 3925 3,
669 3847 696 3909 si
719 3847 840 3924 liceret,
865 3846 965 3909 multo
988 3845 1116 3908 mallem
1133 3846 1177 3908 sic
1195 3846 1349 3911 scandere
1367 3851 1402 3910 ut

228 3963 322 4048 uulgo
340 3963 533 4027 commodius
549 3962 738 4044 molliusque
755 3961 920 4038 scandunt,
939 3983 1034 4043 quarn
1050 3961 1097 4024 uti
1115 3983 1152 4023 ea
1169 3983 1265 4044 quam
1282 3964 1315 4024 in
1333 3963 1401 4025 edi-

226 4080 313 4142 tione
337 4100 409 4142 mea
432 4079 559 4164 signani
583 4078 757 4140 scansione.
793 4077 873 4140 mihi
889 4077 974 4139 enim
990 4098 1117 4140 necesse
1135 4077 1196 4139 fuit
1212 4081 1354 4140 statuere
1371 4089 1403 4142 et

790 4203 1226 4210 ——...-.—-—-·--·-v---
1234 4204 1403 4216 --.—..-...,

241 4242 248 4255 ’
338 4275 498 4353 oanan
524 4277 765 4357 Op,1V413*)

753 4400 756 4407 v
