2910 4778
584 341 865 392 CONPRECATIONES.

585 649 702 730 cantio
729 652 867 731 rustica.

250 848 408 939 Rescida,
439 852 580 925 mdrbls
608 853 759 929 reseda!
1288 849 1303 891 *

247 978 337 1065 scin,
366 981 444 1050 scin
473 978 555 1071 quis
582 979 641 1051 hic
669 979 792 1075 pullus
902 970 1026 1073 egerit
1057 976 1228 1050 radicesl

252 1101 322 1176 nec
350 1107 463 1197 caput
490 1103 560 1176 ne'c
588 1105 703 1198 pedes
730 1105 914 1179 habeant!

251 1329 307 1396 11.
353 1337 506 1395 Plinius
539 1338 568 1396 h.
597 1358 625 1396 n.
650 1337 765 1396 XXVII
789 1338 805 1408 ἕ
831 1337 890 1396 131
918 1336 1025 1395 ”Circa
1050 1334 1223 1394 Ariminum
1245 1336 1306 1391 nota

143 1427 189 1483 est
213 1425 305 1483 herba
329 1446 418 1501 quam
442 1427 613 1484 resedam
637 1430 756 1486 uocant.
804 1426 925 1485 discutit
948 1425 1140 1485 collectiones
1156 1423 1306 1481 inflamma·

140 1513 295 1590 tionesque
323 1533 432 1574 omnes.
480 1515 531 1590 qui
555 1520 663 1574 curant
686 1535 720 1573 ea
743 1516 858 1574 addunt
879 1515 988 1573 uerba:
1013 1514 1164 1573 Reseda
1192 1547 1226 1556 -
1252 1512 1306 1569 ha·

140 1602 266 1662 beant.
313 1605 386 1662 haec
409 1607 455 1661 ter
478 1604 581 1662 dicunt
604 1605 772 1679 totiensque
797 1601 977 1680 despuunt“.

247 1703 289 1770 V·
317 1703 348 1769 1.
395 1710 539 1769 morbis
580 1712 715 1771 reseda
751 1705 834 1781 libri,
869 1705 942 1784 Ian,
977 1703 1162 1784 Detlefsen;
1198 1708 1308 1767 morbos

139 1799 241 1856 reseda
285 1794 359 1856 olim
396 1793 535 1869 editores
576 1800 660 1875 quasi
700 1801 827 1858 ’morbos
865 1799 955 1858 seda’.
1000 1832 1034 1840 -
1077 1798 1179 1868 scin,
1219 1793 1306 1867 scin]

143 1883 275 1964 scripsi:
297 1888 399 1957 scisne,
424 1888 517 1947 scisne
540 1882 614 1964 ER,
631 1889 806 1947 seisnecinae
829 1882 864 1946 V.
885 1922 919 1930 -
939 1887 1070 1963 priscum
1087 1887 1212 1962 quidem
1228 1885 1308 1943 fuisse

141 1994 253 2034 morem
269 1979 305 2034 ut
321 1996 379 2036 non
395 1977 536 2046 scisne,
553 1979 604 2037 sed
620 1997 735 2053 semper
750 1978 830 2037 sein
847 1977 994 2036 diceretur
1009 1975 1160 2034 Plautinis
1176 1974 1308 2050 exemplis

141 2064 358 2124 demonstrauit
392 2065 537 2125 Schrader
572 2068 607 2125 de
641 2067 747 2142 partie.
783 2086 837 2124 -ue
872 2087 901 2141 p.
931 2066 969 2123 21
996 2083 1040 2140 sq.
1070 2097 1106 2107 -
1134 2062 1217 2136 hie]
1234 2056 1309 2121 EV:

143 2153 212 2212 hine
234 2147 273 2210 B.
300 2184 340 2192 —-
364 2155 547 2226 habeant]
571 2150 632 2214 ER
655 2171 692 2213 eor
714 2172 813 2213 corin:
836 2156 945 2213 habeat
975 2147 1009 2210 V.

250 2259 402 2319 Sententia
424 2281 529 2320 uersus
545 2263 633 2338 primi
648 2264 720 2320 haec
736 2265 794 2320 est:
813 2262 963 2331 reseda,
981 2260 1138 2318 morbus
1154 2259 1308 2319 residat.

141 2348 180 2406 cf.
205 2347 264 2407 cic.
290 2348 377 2408 Tusc.
402 2349 447 2408 HI
471 2351 487 2420 ἕ
512 2353 552 2409 26
579 2355 655 2410 ’cum
680 2355 780 2409 tumor
804 2351 895 2408 animi
917 2349 1160 2407 resedisset’.
1184 2348 1263 2406 Plin.
1284 2348 1308 2404 h.

143 2456 175 2495 n.
199 2437 339 2496 XXVIII.
367 2437 417 2498 13.
444 2440 516 2497 201.
544 2441 731 2499 ’residere
754 2440 860 2498 lienem
878 2438 960 2514 aegri
975 2437 1120 2496 uitiatum
1136 2437 1309 2511 liberarique

141 2545 208 2584 eum
239 2528 342 2586 morbo
367 2528 496 2586 dicitur'.
526 2564 560 2571 —
588 2527 786 2600 reseda(t),
810 2531 830 2587 i.
855 2548 880 2585 e.
905 2527 1067 2595 residat,
1093 2526 1187 2584 habet
1211 2544 1308 2584 sermo·

140 2615 185 2673 nis
209 2615 312 2674 rustici
335 2616 452 2675 indicia.
498 2638 592 2676 unum
616 2619 739 2676 omissae
763 2618 787 2676 T
811 2618 921 2687 finalis;
946 2616 1048 2673 estita
1064 2615 1197 2690 scriptus
1213 2632 1308 2673 uersus

140 2703 333 2779 pompeianus
369 2705 432 2764 CIL
468 2707 511 2765 IV
549 2707 631 2764 1173
658 2707 817 2782 ”Quisquis
842 2706 929 2764 AMA
954 2703 1088 2771 VALIA,
1116 2704 1243 2762 PERIA
1265 2702 1308 2778 qui

141 2794 233 2851 nescit
257 2799 392 2866 amare”;
418 2796 453 2853 he
478 2796 582 2854 OVPA
606 2797 657 2854 fal.
684 2798 723 2853 22
745 2790 847 2870 Seleu,
865 2801 896 2853 at
912 2794 964 2853 hiu
980 2792 1112 2852 GVPAT
1132 2793 1205 2852 231)
1224 2786 1307 2851 Scin.

142 2883 269 2941 alterum
306 2885 386 2958 quod
414 2885 437 2941 Ε
462 2905 516 2960 pro
539 2885 553 2942 Ι
579 2887 656 2944 dicta
680 2889 829 2944 astruere
852 2885 949 2960 prisco
972 2881 1115 2941 sermonis
1141 2882 1256 2950 rustici,
1279 2881 1307 2937 de

141 2990 200 3045 quo
224 2973 402 3032 mentionem
426 2974 540 3032 faciunt
564 2973 622 3033 (lic.
648 2975 683 3032 de
707 2974 757 3032 Or.
783 2975 829 3032 III
852 2974 868 3043 ἓ
893 2974 933 3030 46
954 2971 1054 3041 (Brut.
1077 2971 1093 3040 ἓ
1113 2970 1202 3041 259),
1220 2970 1307 3027 Varro

138 3059 164 3116 R
189 3060 214 3117 R
231 3061 245 3119 Ι
261 3063 290 3120 2.
312 3061 360 3132 14,
378 3063 479 3121 Velius
496 3063 617 3138 Longus
632 3085 661 3139 p.
680 3064 731 3121 49.
751 3064 791 3121 20
809 3063 845 3121 K.
881 3063 992 3120 Paulus
1009 3080 1043 3119 er
1059 3059 1150 3118 Festo
1165 3080 1197 3135 p.
1219 3059 1267 3118 15.
1287 3058 1302 3115 6

140 3148 203 3205 M.
251 3152 289 3210 cf.
313 3152 343 3208 in
367 3152 412 3209 ed.
437 3172 501 3209 mea
526 3153 663 3211 carminis
688 3152 808 3210 Saliaris
832 3172 862 3227 p.
889 3153 940 3210 26.
987 3149 1039 3207 sed
1055 3168 1124 3208 cunr
1140 3167 1223 3207 more
1240 3167 1306 3206 com·

140 3239 224 3295 muni
246 3240 426 3298 rusticorum
450 3261 484 3299 ea
507 3261 567 3300 uox
590 3242 633 3300 ita
655 3242 789 3317 potuerit
812 3241 879 3310 dici,
904 3245 978 3308 tum,
1004 3237 1145 3313 quoniam
1162 3257 1200 3294 ex
1215 3235 1306 3295 uerbis

140 3325 229 3385 Plinii
254 3329 452 3388 coniecturam
476 3331 553 3390 facio
568 3332 644 3389 hanc
660 3331 826 3389 cantionem
843 3333 945 3387 natum
961 3346 1028 3386 esse
1039 3327 1118 3386 circa
1134 3326 1305 3391 Ariminum,

140 3415 265 3474 forsitan
299 3418 322 3474 Ε
358 3438 412 3493 pro
447 3419 461 3476 Ι
497 3420 591 3478 dicere
615 3420 769 3496 proprium
793 3418 885 3476 inerit
907 3418 986 3475 illius
1009 3415 1149 3492 regionis
1175 3415 1204 3472 in
1230 3415 1305 3473 euius

140 3523 273 3564 sermone
296 3507 429 3566 nonnihil
451 3509 551 3569 ualere
574 3509 708 3585 potuerit
729 3527 789 3566 uox
812 3507 929 3583 gallica,
954 3507 989 3563 de
1013 3525 1072 3581 qua
1089 3503 1266 3563 Consentius
1280 3522 1305 3576 p.

143 3589 245 3652 3er
282 3595 378 3667 ,Galli
411 3596 552 3674 pinguius
586 3599 642 3656 hac
665 3596 705 3668 (Ι)
728 3601 867 3666 utuntur,
890 3600 927 3653 ut
950 3614 1017 3653 cum
1041 3593 1146 3651 dieunt
1171 3594 1232 3652 ’ite’
1255 3611 1306 3649 non

141 3701 274 3759 expresse
307 3685 401 3760 ipsam
424 3687 616 3761 proferentes
641 3687 690 3745 sed
714 3686 818 3744 inter
840 3684 865 3742 Ε
889 3688 926 3742 et
949 3684 963 3741 Ι
986 3682 1234 3760 pinguiorem
1256 3699 1305 3739 so·

141 3792 226 3830 num
260 3775 358 3833 neseio
394 3795 482 3850 quem
515 3773 690 3851 ponentes“.
736 3794 790 3833 nec
824 3774 897 3832 nihil
930 3791 989 3831 uox
1012 3772 1147 3829 umbrica
1171 3768 1306 3830 momenti

141 3862 245 3921 attulit
268 3864 305 3921 ad
329 3864 391 3922 eius
415 3864 544 3940 regionis
567 3883 742 3934 sermonem,
767 3863 848 3939 quod
871 3862 1000 3921 ostendit
1023 3860 1094 3919 Sittl
1119 3861 1154 3918 de
1179 3860 1305 3918 differen-

140 3949 189 4008 tiis
213 3952 294 4010 uoeis
318 3953 428 4011 latinae
452 3953 630 4029 regionatim
653 3952 850 4012 discernendis
872 3972 903 4027 p.
930 3949 980 4009 27.
1027 3969 1095 4009 cum
1113 3951 1214 4007 autem
1231 3947 1305 4007 uocis

140 4039 292 4099 umbricae
315 4041 470 4117 proprium
494 4046 569 4101 esset
592 4041 813 4101 terminationes
837 4059 924 4115 saepe
947 4040 1090 4108 deterere,
1116 4035 1305 4106 reseda(t)

139 4133 176 4186 ut
210 4133 235 4187 ·t
250 4188 252 4193 ,
268 4129 350 4188 finali
384 4135 498 4189 careret
532 4131 634 4188 eadem
670 4131 794 4189 fortasse
820 4130 852 4187 ui
876 4130 989 4188 factum
1012 4131 1058 4186 est
1080 4145 1159 4202 quae
1184 4126 1304 4186 effecisse

139 4216 261 4276 uidetur
283 4223 319 4277 ut
342 4220 532 4278 Pisaurenses
563 4219 654 4279 uicini
677 4218 909 4277 Ariminensium
933 4218 1064 4275 dicerent
1086 4215 1303 4289 scriberentque

140 4304 247 4365 Duos
272 4306 337 4366 011.
360 4308 375 4367 Ι
402 4308 473 4379 169,
502 4309 578 4380 18ος
602 4307 737 4366 DEDRO
762 4312 792 4366 et
814 4307 925 4365 DEDA
949 4304 1012 4364 OIL
1036 4306 1052 4363 Ι
1077 4304 1151 4363 177.
