2910 4778
554 319 624 365 onl’.
643 319 687 365 VI.
707 311 723 378 ὅ
743 322 767 367 6.
1142 321 1244 369 LXXIX

70 513 149 575 quo
180 515 253 556 uox
286 492 462 556 iambica
495 484 524 554 Α
554 493 685 556 finale
716 493 963 558 nominatiui
987 499 1055 558 aut
1078 516 1247 559 accusa·

69 608 153 672 tiui
177 609 387 692 producat.

70 723 159 788 Sent.
184 726 227 788 40
331 723 456 788 Cocta
478 724 715 789 numerabimus
740 729 820 789 exta.

111 891 123 918 „
184 841 222 904 41
331 838 494 903 Sociorum
519 841 602 903 ollci
624 840 707 904 male
732 841 845 905 feruet.

70 954 182 1039 Oonrp.
208 958 237 1019 2.
265 957 280 1019 1
328 954 454 1018 Terra
477 960 600 1039 pestem
623 959 731 1021 teneto

121 1123 133 1150 ‚,
206 1072 281 1136 8.3
328 1071 532 1135 Duellona
562 1070 709 1151 (Bellona
739 1072 823 1149 libri)
848 1072 946 1137 Lases
992 1071 1245 1157 Nouensilesque

818 1188 884 1252 diui

120 1354 132 1381 „
206 1303 235 1365 9.
262 1304 302 1367 18
327 1304 469 1367 uineta
492 1303 634 1387 uirgulta
658 1304 779 1379 (uineta
804 1304 1071 1387 uirgultaque
1096 1304 1181 1387 libri)

68 1418 142 1482 Liu.
168 1420 209 1482 26
329 1420 403 1482 nam
427 1419 521 1483 diua
544 1418 689 1484 Monetas
736 1419 801 1483 filia
829 1421 870 1482 im
895 1420 1001 1484 ddcuit
1089 1424 1092 1437 ’

100 1586 112 1613 „
167 1535 208 1600 36
328 1537 427 1597 uestis
451 1535 564 1618 pnlld
587 1537 749 1618 purpurea
795 1535 901 1618 ampla

100 1702 112 1729 ‚,
168 1651 208 1714 15
328 1651 471 1714 sanota'
494 1655 573 1733 puer
596 1649 725 1714 Saturni
771 1651 865 1732 †filist
888 1652 1000 1737 regina
1018 1650 1052 1732 ¹).

68 1880 179 1965 Comp.
205 1885 224 1946 5
382 1882 498 1958 (Carni.
515 1882 642 1965 Salias.)
658 1885 688 1946 2.
706 1882 841 1965 uero(m)
858 1884 898 1947 dd
914 1884 1056 1967 patula
1072 1887 1187 1948 coensis
1205 1907 1239 1947 es

816 1999 927 2063 ianeus
950 1997 1042 2063 lanes

119 2165 131 2192 ‚‚
205 2115 245 2181 13
359 2114 485 2177 Lucia
507 2113 679 2178 Volumina

67 2227 156 2294 Sent.
182 2229 233 2294 70.
258 2232 288 2294 2.
314 2231 333 2294 2
359 2230 473 2314 (Appii
498 2228 635 2312 Claudii)
651 2232 769 2314 nequid
785 2231 905 2295 fraudis
922 2232 1087 2314 stuprique
1133 2231 1243 2296 fero-

817 2347 880 2410 cia
903 2347 1018 2430 patriat.

66 2461 179 2526 Dedic.
204 2463 235 2526 l.
261 2463 279 2525 6
357 2463 573 2547 gonddoorant
596 2463 767 2546 stipisume‘
814 2463 1020 2526 consuluit
1038 2462 1199 2546 loidosque
1217 2463 1242 2539 2)

65 2577 183 2642 Liuii
356 2583 454 2662 tuque
478 2579 522 2641 mi
545 2582 657 2642 narato
702 2579 833 2641 omnia
858 2578 1001 2641 disertim

96 2745 109 2774 ,‚
163 2694 224 2757 *27
356 2695 432 2758 deus
455 2695 558 2758 infrus
582 2717 622 2758 an
645 2698 759 2778 supnis
782 2695 846 2757 fert
866 2694 1015 2763 funera'
1038 2694 1064 2757 ti
1109 2692 1221 2758 Ulixes

96 2860 109 2889 ,‚
163 2810 224 2874 *40
355 2815 388 2874 at
411 2811 496 2873 ce'ler
518 2810 629 2874 uolans
653 2809 745 2873 hasta
791 2811 960 2894 pectora
986 2809 1162 2892 perrumpit

174 3033 330 3097 Deinde
361 3034 408 3098 ab
440 3055 483 3097 co
513 3037 696 3116 tempore
721 3055 795 3116 quo
818 3030 1043 3113 Naeuius³)
1066 3032 1243 3114 scripsit

62 3148 221 3228 bellum
244 3147 443 3212 Punicum
467 3150 513 3212 ad
538 3152 708 3212 aetatem
732 3148 854 3212 Ennii
878 3147 944 3211 uel
967 3147 1014 3211 ab
1031 3147 1240 3212 annofere

177 3327 200 3404 ¹)
224 3333 343 3391 Liuium
380 3334 583 3392 Andronicum
617 3333 783 3392 uersionem
818 3331 959 3407 Odyssiae
993 3335 1068 3407 puto
1091 3331 1241 3407 scripsisse

62 3423 182 3482 circiter
204 3442 316 3481 annum
339 3443 368 3498 p.
392 3443 423 3481 n.
448 3442 474 3482 c.
497 3425 546 3492 D„
572 3423 771 3499 quadraginta
794 3422 855 3479 fer'e
872 3424 940 3478 ante
957 3421 1041 3479 annis
1058 3441 1148 3496 quam
1164 3420 1239 3478 Nao-

60 3512 131 3571 nius
155 3511 274 3587 scripsit
297 3511 413 3569 Bellum
438 3512 592 3572 Punicum.
640 3513 721 3588 quod
737 3530 790 3570 cur
805 3513 908 3586 putem
925 3529 984 3569 non
1000 3530 1060 3579 una
1078 3528 1166 3568 causa
1183 3516 1237 3567 est.

175 3595 200 3672 ²)
224 3600 340 3659 Tabula
375 3620 539 3677 coquorum
573 3601 688 3659 Falisca
723 3601 833 3675 scripta
868 3602 912 3657 est
946 3600 1065 3658 saeculo
1094 3598 1146 3664 VI,
1170 3602 1240 3674 post

61 3710 176 3748 annum
203 3690 284 3748 urbis
308 3689 421 3749 DXIII.
468 3691 498 3749 id
521 3690 651 3749 ostendit
667 3689 813 3748 Garucius
830 3687 902 3763 Syll.
919 3709 948 3764 p.
970 3687 1049 3757 170;
1068 3687 1105 3746 cf.
1123 3688 1238 3746 Deeckc

63 3780 101 3838 de
124 3778 247 3838 Faliscis
269 3799 320 3854 pp.
348 3778 386 3837 78
411 3781 442 3837 et
467 3778 539 3838 196.

174 3863 199 3939 ³)
224 3866 326 3926 Cicero
362 3867 426 3927 (lat.
462 3889 501 3928 m.
530 3868 611 3938 §49
638 3872 655 3897 ”
681 3867 753 3926 nihil
776 3871 821 3926 est
844 3867 938 3926 otiosa
962 3868 1113 3924 senectute
1137 3865 1239 3923 iucun-

59 3957 129 4034 pius
166 3987 206 3996 --
246 3989 280 3998 —-
319 3956 336 4025 ἓ
371 3958 411 4015 50
448 3977 538 4033 quam
571 3957 723 4033 gaudebat
757 3957 834 4015 bello
857 3974 912 4014 suo
935 3954 1047 4013 Punico
1072 3953 1239 4011 Naeuius”.

60 4065 152 4106 senex
176 4045 269 4122 igitur
291 4045 402 4103 bellum
426 4045 573 4104 Punicum
596 4045 714 4121 scripsit
736 4045 879 4103 Naeuius.
926 4047 994 4119 post
1010 4045 1109 4101 autem
1127 4061 1236 4100 annun]

59 4135 146 4194 urbis
170 4134 223 4192 DL
246 4134 397 4192 Naeuium
421 4138 571 4194 mortuum
596 4153 658 4192 esso
681 4134 778 4192 Varro
803 4137 907 4192 auctor
931 4140 975 4191 est
998 4151 1045 4206 ap.
1071 4130 1131 4189 (lic.
1149 4131 1236 4189 Brut.

59 4226 78 4295 ἓ
115 4225 168 4285 60.
214 4242 286 4300 orgo
310 4224 446 4283 carminis
470 4223 540 4282 belli
563 4223 668 4282 Punici
690 4227 808 4298 tempus
833 4222 913 4281 cadit
935 4221 964 4278 in
988 4239 1036 4279 eos
1061 4220 1122 4278 fero
1146 4238 1240 4278 anuos

60 4314 115 4390 qui
138 4312 286 4372 interiecti
308 4315 378 4371 sunt
400 4313 478 4371 inter
502 4331 527 4370 a.
551 4332 583 4371 u.
608 4331 633 4370 c.
657 4311 796 4370 DXXXX
820 4314 850 4369 ct
873 4309 965 4369 DLV.
