<?xml version="1.0" encoding="UTF-8"?>
<!DOCTYPE html PUBLIC "-//W3C//DTD XHTML 1.0 Transitional//EN"
    "http://www.w3.org/TR/xhtml1/DTD/xhtml1-transitional.dtd">
<html xmlns="http://www.w3.org/1999/xhtml" xml:lang="en" lang="en">
 <head>
  <title>
</title>
<meta http-equiv="Content-Type" content="text/html;charset=utf-8" />
  <meta name='ocr-system' content='tesseract 3.04.00' />
  <meta name='ocr-capabilities' content='ocr_page ocr_carea ocr_par ocr_line ocrx_word'/>
</head>
<body>
  <div class='ocr_page' id='page_1' title='image "./versvsitalician00zandgoog_0051.png"; bbox 0 0 2910 4778; ppageno 0'>
   <div class='ocr_carea' id='block_1_1' title="bbox 237 320 897 374">
    <p class='ocr_par' dir='ltr' id='par_1_1' title="bbox 237 320 897 374">
     <span class='ocr_line' id='line_1_1' title="bbox 237 320 897 374; baseline -0.009 0"><span class='ocrx_word' id='word_1_1' title='bbox 237 320 369 374; x_wconf 76' lang='lat' dir='ltr'>XXXVIII</span> <span class='ocrx_word' id='word_1_2' title='bbox 739 323 784 370; x_wconf 80' lang='lat' dir='ltr'><strong>DE</strong></span> <span class='ocrx_word' id='word_1_3' title='bbox 804 322 897 368; x_wconf 77' lang='lat' dir='ltr'><strong>THES.</strong></span> 
     </span>
    </p>
   </div>
   <div class='ocr_carea' id='block_1_2' title="bbox 238 494 1406 695">
    <p class='ocr_par' dir='ltr' id='par_1_2' title="bbox 238 494 1406 695">
     <span class='ocr_line' id='line_1_2' title="bbox 238 494 1406 582; baseline -0.001 -22"><span class='ocrx_word' id='word_1_4' title='bbox 238 495 342 579; x_wconf 89' lang='lat' dir='ltr'><strong>poesis</strong></span> <span class='ocrx_word' id='word_1_5' title='bbox 365 494 538 574; x_wconf 79' lang='lat' dir='ltr'>Romanae,</span> <span class='ocrx_word' id='word_1_6' title='bbox 562 516 728 559; x_wconf 85' lang='lat' dir='ltr'><strong>numerum</strong></span> <span class='ocrx_word' id='word_1_7' title='bbox 751 495 929 559; x_wconf 86' lang='lat' dir='ltr'><strong>saturnium</strong></span> <span class='ocrx_word' id='word_1_8' title='bbox 953 495 1113 580; x_wconf 81' lang='lat' dir='ltr'><strong>ingressui</strong></span> <span class='ocrx_word' id='word_1_9' title='bbox 1128 495 1292 580; x_wconf 78' lang='lat' dir='ltr'><strong>legionum</strong></span> <span class='ocrx_word' id='word_1_10' title='bbox 1304 496 1406 582; x_wconf 81' lang='lat' dir='ltr'><strong>graui·</strong></span> 
     </span>
     <span class='ocr_line' id='line_1_3' title="bbox 238 609 886 695; baseline 0.003 -21"><span class='ocrx_word' id='word_1_11' title='bbox 238 614 304 675; x_wconf 87' lang='lat' dir='ltr'><strong>tate</strong></span> <span class='ocrx_word' id='word_1_12' title='bbox 328 632 396 674; x_wconf 85' lang='lat' dir='ltr'><strong>esse</strong></span> <span class='ocrx_word' id='word_1_13' title='bbox 419 610 554 674; x_wconf 80' lang='lat' dir='ltr'>similem</span> <span class='ocrx_word' id='word_1_14' title='bbox 579 609 886 695; x_wconf 78' lang='lat' dir='ltr'><strong>(&#39;Lepioneatulct&#39;&#39;).</strong></span> 
     </span>
    </p>
   </div>
   <div class='ocr_carea' id='block_1_3' title="bbox 344 740 1406 829">
    <p class='ocr_par' dir='ltr' id='par_1_3' title="bbox 344 740 1406 829">
     <span class='ocr_line' id='line_1_4' title="bbox 344 740 1406 829; baseline 0.003 -21"><span class='ocrx_word' id='word_1_15' title='bbox 344 740 412 808; x_wconf 87' lang='lat' dir='ltr'><strong>Iam</strong></span> <span class='ocrx_word' id='word_1_16' title='bbox 435 745 469 808; x_wconf 90' lang='lat' dir='ltr'><strong>in</strong></span> <span class='ocrx_word' id='word_1_17' title='bbox 491 743 661 808; x_wconf 77' lang='lat' dir='ltr'><strong>trochaicis</strong></span> <span class='ocrx_word' id='word_1_18' title='bbox 683 745 828 809; x_wconf 88' lang='lat' dir='ltr'><strong>uersibus</strong></span> <span class='ocrx_word' id='word_1_19' title='bbox 851 745 889 808; x_wconf 91' lang='lat' dir='ltr'><strong>fit</strong></span> <span class='ocrx_word' id='word_1_20' title='bbox 911 744 1060 809; x_wconf 88' lang='lat' dir='ltr'><strong>similiter</strong></span> <span class='ocrx_word' id='word_1_21' title='bbox 1081 748 1118 809; x_wconf 90' lang='lat' dir='ltr'><strong>ut</strong></span> <span class='ocrx_word' id='word_1_22' title='bbox 1138 744 1274 809; x_wconf 89' lang='lat' dir='ltr'><strong>thesis</strong></span> <span class='ocrx_word' id='word_1_23' title='bbox 1291 745 1406 829; x_wconf 89' lang='lat' dir='ltr'><strong>primi</strong></span> 
     </span>
    </p>
   </div>
   <div class='ocr_carea' id='block_1_4' title="bbox 237 859 1453 1298">
    <p class='ocr_par' dir='ltr' id='par_1_4' title="bbox 237 859 1453 1298">
     <span class='ocr_line' id='line_1_5' title="bbox 237 859 1453 945; baseline 0.003 -22"><span class='ocrx_word' id='word_1_24' title='bbox 237 860 424 925; x_wconf 76' lang='lat' dir='ltr'><strong>trochaei</strong></span> <span class='ocrx_word' id='word_1_25' title='bbox 470 882 532 924; x_wconf 89' lang='lat' dir='ltr'><strong>non</strong></span> <span class='ocrx_word' id='word_1_26' title='bbox 566 860 657 923; x_wconf 90' lang='lat' dir='ltr'><strong>modo</strong></span> <span class='ocrx_word' id='word_1_27' title='bbox 690 859 788 945; x_wconf 83' lang='lat' dir='ltr'><strong>longa</strong></span> <span class='ocrx_word' id='word_1_28' title='bbox 822 860 865 924; x_wconf 90' lang='lat' dir='ltr'><strong>sit</strong></span> <span class='ocrx_word' id='word_1_29' title='bbox 894 860 1070 925; x_wconf 86' lang='lat' dir='ltr'><strong>sedetiam</strong></span> <span class='ocrx_word' id='word_1_30' title='bbox 1095 864 1237 926; x_wconf 77' lang='lat' dir='ltr'><strong>acuatur.</strong></span> <span class='ocrx_word' id='word_1_31' title='bbox 1284 867 1407 927; x_wconf 85' lang='lat' dir='ltr'><strong>Mono·</strong></span> <span class='ocrx_word' id='word_1_32' title='bbox 1451 888 1453 899; x_wconf 92' lang='lat'>·</span> 
     </span>
     <span class='ocr_line' id='line_1_6' title="bbox 239 954 1407 1026; baseline 0.002 -12"><span class='ocrx_word' id='word_1_33' title='bbox 239 955 316 1015; x_wconf 90' lang='lat' dir='ltr'><strong>coli</strong></span> <span class='ocrx_word' id='word_1_34' title='bbox 349 955 423 1014; x_wconf 84' lang='lat' dir='ltr'><strong>tales</strong></span> <span class='ocrx_word' id='word_1_35' title='bbox 457 973 562 1015; x_wconf 86' lang='lat' dir='ltr'><strong>uersus</strong></span> <span class='ocrx_word' id='word_1_36' title='bbox 596 957 675 1013; x_wconf 90' lang='lat' dir='ltr'><strong>sunt.</strong></span> <span class='ocrx_word' id='word_1_37' title='bbox 723 954 801 1014; x_wconf 83' lang='lat' dir='ltr'><strong>Sort.</strong></span> <span class='ocrx_word' id='word_1_38' title='bbox 838 958 867 1015; x_wconf 99' lang='grc'><strong>5.</strong></span> <span class='ocrx_word' id='word_1_39' title='bbox 904 956 922 1012; x_wconf 92' lang='grc'><strong>2</strong></span> <span class='ocrx_word' id='word_1_40' title='bbox 958 955 1043 1026; x_wconf 80' lang='lat' dir='ltr'><strong>Quod</strong></span> <span class='ocrx_word' id='word_1_41' title='bbox 1075 959 1275 1016; x_wconf 87' lang='lat' dir='ltr'><strong>curuomst</strong></span> <span class='ocrx_word' id='word_1_42' title='bbox 1298 957 1407 1016; x_wconf 84' lang='lat' dir='ltr'><strong>factum</strong></span> 
     </span>
     <span class='ocr_line' id='line_1_7' title="bbox 237 1038 1409 1122; baseline 0.003 -20"><span class='ocrx_word' id='word_1_43' title='bbox 237 1045 332 1122; x_wconf 71' lang='lat' dir='ltr'><strong>redet.</strong></span> <span class='ocrx_word' id='word_1_44' title='bbox 372 1043 524 1119; x_wconf 78' lang='lat' dir='ltr'><strong>Comprec,</strong></span> <span class='ocrx_word' id='word_1_45' title='bbox 543 1044 562 1103; x_wconf 98' lang='lat'>4</span> <span class='ocrx_word' id='word_1_46' title='bbox 580 1041 690 1117; x_wconf 78' lang='lat' dir='ltr'><strong>(Germ.</strong></span> <span class='ocrx_word' id='word_1_47' title='bbox 708 1042 826 1114; x_wconf 85' lang='lat' dir='ltr'><strong>Arual.)</strong></span> <span class='ocrx_word' id='word_1_48' title='bbox 845 1046 862 1103; x_wconf 89' lang='grc'>6</span> <span class='ocrx_word' id='word_1_49' title='bbox 880 1038 1014 1103; x_wconf 75' lang='lat' dir='ltr'><strong>Semunis</strong></span> <span class='ocrx_word' id='word_1_50' title='bbox 1032 1044 1165 1105; x_wconf 89' lang='lat' dir='ltr'><strong>alternei.</strong></span> <span class='ocrx_word' id='word_1_51' title='bbox 1204 1044 1293 1121; x_wconf 82' lang='lat' dir='ltr'><strong>Elog.</strong></span> <span class='ocrx_word' id='word_1_52' title='bbox 1312 1045 1409 1107; x_wconf 84' lang='lat'><strong>25.1.</strong></span> 
     </span>
     <span class='ocr_line' id='line_1_8' title="bbox 239 1126 1408 1209; baseline 0.003 -19"><span class='ocrx_word' id='word_1_53' title='bbox 239 1126 345 1191; x_wconf 83' lang='lat' dir='ltr'>Infelix</span> <span class='ocrx_word' id='word_1_54' title='bbox 368 1133 462 1192; x_wconf 83' lang='lat' dir='ltr'><strong>fatum</strong></span> <span class='ocrx_word' id='word_1_55' title='bbox 487 1132 579 1209; x_wconf 92' lang='lat' dir='ltr'><strong>prior.</strong></span> <span class='ocrx_word' id='word_1_56' title='bbox 626 1130 778 1209; x_wconf 80' lang='lat' dir='ltr'><strong>(lomprec.</strong></span> <span class='ocrx_word' id='word_1_57' title='bbox 805 1134 834 1191; x_wconf 87' lang='grc'><strong>9.</strong></span> <span class='ocrx_word' id='word_1_58' title='bbox 860 1135 889 1204; x_wconf 89' lang='grc'><strong>6,</strong></span> <span class='ocrx_word' id='word_1_59' title='bbox 916 1133 966 1203; x_wconf 88' lang='grc'><strong>15,</strong></span> <span class='ocrx_word' id='word_1_60' title='bbox 994 1132 1043 1204; x_wconf 84' lang='grc'><strong>17,</strong></span> <span class='ocrx_word' id='word_1_61' title='bbox 1073 1134 1121 1204; x_wconf 87' lang='grc'><strong>18,</strong></span> <span class='ocrx_word' id='word_1_62' title='bbox 1149 1135 1199 1204; x_wconf 87' lang='grc'><strong>19,</strong></span> <span class='ocrx_word' id='word_1_63' title='bbox 1226 1133 1286 1205; x_wconf 90' lang='grc'><strong>21;</strong></span> <span class='ocrx_word' id='word_1_64' title='bbox 1316 1133 1366 1195; x_wconf 85' lang='lat'><strong>12.</strong></span> <span class='ocrx_word' id='word_1_65' title='bbox 1382 1135 1408 1193; x_wconf 84' lang='lat'><strong>3.</strong></span> 
     </span>
     <span class='ocr_line' id='line_1_9' title="bbox 239 1221 598 1298; baseline 0 -19"><span class='ocrx_word' id='word_1_66' title='bbox 239 1221 325 1298; x_wconf 77' lang='lat' dir='ltr'><strong>Elog.</strong></span> <span class='ocrx_word' id='word_1_67' title='bbox 352 1221 403 1279; x_wconf 90' lang='grc'><strong>24.</strong></span> <span class='ocrx_word' id='word_1_68' title='bbox 429 1223 465 1292; x_wconf 87' lang='grc'><strong>2;</strong></span> <span class='ocrx_word' id='word_1_69' title='bbox 491 1221 543 1280; x_wconf 87' lang='grc'><strong>33.</strong></span> <span class='ocrx_word' id='word_1_70' title='bbox 568 1222 598 1279; x_wconf 93' lang='grc'><strong>4.</strong></span> 
     </span>
    </p>
   </div>
   <div class='ocr_carea' id='block_1_5' title="bbox 237 1329 1412 1594">
    <p class='ocr_par' dir='ltr' id='par_1_5' title="bbox 237 1329 1412 1594">
     <span class='ocr_line' id='line_1_10' title="bbox 344 1329 1412 1418; baseline 0.003 -24"><span class='ocrx_word' id='word_1_71' title='bbox 344 1336 598 1395; x_wconf 89' lang='lat' dir='ltr'><strong>Hemistichia</strong></span> <span class='ocrx_word' id='word_1_72' title='bbox 621 1336 810 1397; x_wconf 87' lang='lat' dir='ltr'><strong>saturnia.</strong></span> <span class='ocrx_word' id='word_1_73' title='bbox 856 1336 942 1414; x_wconf 79' lang='lat' dir='ltr'><strong>Elog.</strong></span> <span class='ocrx_word' id='word_1_74' title='bbox 969 1339 998 1397; x_wconf 84' lang='lat'><strong>2.</strong></span> <span class='ocrx_word' id='word_1_75' title='bbox 1024 1338 1043 1394; x_wconf 88' lang='lat'>4</span> <span class='ocrx_word' id='word_1_76' title='bbox 1068 1341 1098 1396; x_wconf 92' lang='lat' dir='ltr'><strong>et</strong></span> <span class='ocrx_word' id='word_1_77' title='bbox 1122 1338 1152 1396; x_wconf 89' lang='lat'><strong>3.</strong></span> <span class='ocrx_word' id='word_1_78' title='bbox 1177 1329 1412 1418; x_wconf 76' lang='lat' dir='ltr'><strong>4lqueif1&#39;1it</strong></span> 
     </span>
     <span class='ocr_line' id='line_1_11' title="bbox 238 1417 1410 1506; baseline 0.003 -23"><span class='ocrx_word' id='word_1_79' title='bbox 238 1426 317 1501; x_wconf 80' lang='lat' dir='ltr'><strong>apud</strong></span> <span class='ocrx_word' id='word_1_80' title='bbox 350 1444 415 1484; x_wconf 91' lang='lat' dir='ltr'><strong>uos.</strong></span> <span class='ocrx_word' id='word_1_81' title='bbox 462 1423 613 1502; x_wconf 80' lang='lat' dir='ltr'><strong>(lomprec.</strong></span> <span class='ocrx_word' id='word_1_82' title='bbox 650 1417 1410 1506; x_wconf 58' lang='grc' dir='ltr'>8.2Ι)110’11011111οε0’01.11111.1111111111·</span> 
     </span>
     <span class='ocr_line' id='line_1_12' title="bbox 237 1505 1412 1594; baseline 0.003 -21"><span class='ocrx_word' id='word_1_83' title='bbox 237 1515 317 1574; x_wconf 84' lang='lat' dir='ltr'><strong>mr&#39;rs</strong></span> <span class='ocrx_word' id='word_1_84' title='bbox 340 1514 512 1574; x_wconf 77' lang='lat' dir='ltr'><strong>Patricoles</strong></span> <span class='ocrx_word' id='word_1_85' title='bbox 559 1515 633 1573; x_wconf 90' lang='lat' dir='ltr'><strong>Ded.</strong></span> <span class='ocrx_word' id='word_1_86' title='bbox 660 1517 689 1573; x_wconf 85' lang='lat'><strong>5.</strong></span> <span class='ocrx_word' id='word_1_87' title='bbox 716 1516 734 1575; x_wconf 89' lang='grc'><strong>2</strong></span> <span class='ocrx_word' id='word_1_88' title='bbox 761 1505 764 1594; x_wconf 75' lang='lat' dir='ltr'><strong>l</strong></span> <span class='ocrx_word' id='word_1_89' title='bbox 790 1515 869 1585; x_wconf 79' lang='lat' dir='ltr'><strong>sunt,</strong></span> <span class='ocrx_word' id='word_1_90' title='bbox 895 1515 1032 1579; x_wconf 86' lang='lat' dir='ltr'><strong>dondm</strong></span> <span class='ocrx_word' id='word_1_91' title='bbox 1056 1516 1212 1575; x_wconf 87' lang='lat' dir='ltr'><strong>dederunt.</strong></span> <span class='ocrx_word' id='word_1_92' title='bbox 1259 1516 1330 1576; x_wconf 89' lang='lat' dir='ltr'><strong>Liu.</strong></span> <span class='ocrx_word' id='word_1_93' title='bbox 1357 1517 1412 1589; x_wconf 77' lang='lat'><strong>13;</strong></span> 
     </span>
    </p>
   </div>
   <div class='ocr_carea' id='block_1_6' title="bbox 237 1603 1446 2409">
    <p class='ocr_par' dir='ltr' id='par_1_6' title="bbox 244 1603 1002 1687">
     <span class='ocr_line' id='line_1_13' title="bbox 244 1603 1002 1687; baseline -0.001 -24"><span class='ocrx_word' id='word_1_94' title='bbox 244 1603 301 1676; x_wconf 82' lang='lat'><strong>14;</strong></span> <span class='ocrx_word' id='word_1_95' title='bbox 327 1603 379 1665; x_wconf 85' lang='lat'><strong>21.</strong></span> <span class='ocrx_word' id='word_1_96' title='bbox 404 1605 440 1673; x_wconf 84' lang='lat'><strong>23</strong></span> <span class='ocrx_word' id='word_1_97' title='bbox 467 1604 518 1662; x_wconf 84' lang='lat'><strong>26.</strong></span> <span class='ocrx_word' id='word_1_98' title='bbox 564 1604 661 1663; x_wconf 82' lang='lat' dir='ltr'><strong>Nasu.</strong></span> <span class='ocrx_word' id='word_1_99' title='bbox 688 1606 785 1687; x_wconf 52' lang='lat'><strong>23⁶3</strong></span> <span class='ocrx_word' id='word_1_100' title='bbox 812 1604 869 1674; x_wconf 85' lang='lat'><strong>14;</strong></span> <span class='ocrx_word' id='word_1_101' title='bbox 897 1604 948 1663; x_wconf 88' lang='grc'><strong>16.</strong></span> <span class='ocrx_word' id='word_1_102' title='bbox 975 1603 1002 1662; x_wconf 93' lang='grc'><strong>1.</strong></span> 
     </span>
    </p>

    <p class='ocr_par' dir='ltr' id='par_1_7' title="bbox 237 1729 1446 2409">
     <span class='ocr_line' id='line_1_14' title="bbox 343 1729 1413 1818; baseline 0.003 -23"><span class='ocrx_word' id='word_1_103' title='bbox 343 1729 467 1795; x_wconf 87' lang='lat' dir='ltr'><strong>Scenici</strong></span> <span class='ocrx_word' id='word_1_104' title='bbox 490 1731 587 1815; x_wconf 85' lang='lat' dir='ltr'><strong>prisci</strong></span> <span class='ocrx_word' id='word_1_105' title='bbox 610 1753 674 1796; x_wconf 92' lang='lat' dir='ltr'><strong>non</strong></span> <span class='ocrx_word' id='word_1_106' title='bbox 696 1754 822 1816; x_wconf 83' lang='lat' dir='ltr'><strong>semper</strong></span> <span class='ocrx_word' id='word_1_107' title='bbox 845 1732 1014 1816; x_wconf 82' lang='lat' dir='ltr'><strong>fugiebant</strong></span> <span class='ocrx_word' id='word_1_108' title='bbox 1037 1755 1108 1797; x_wconf 88' lang='lat' dir='ltr'><strong>eam</strong></span> <span class='ocrx_word' id='word_1_109' title='bbox 1132 1733 1343 1815; x_wconf 78' lang='lat' dir='ltr'><strong>asperitatem</strong></span> <span class='ocrx_word' id='word_1_110' title='bbox 1358 1755 1413 1818; x_wconf 91' lang='lat' dir='ltr'><strong>pe-</strong></span> 
     </span>
     <span class='ocr_line' id='line_1_15' title="bbox 238 1847 1446 1947; baseline 0.002 -35"><span class='ocrx_word' id='word_1_111' title='bbox 238 1847 286 1912; x_wconf 91' lang='lat' dir='ltr'><strong>dis</strong></span> <span class='ocrx_word' id='word_1_112' title='bbox 320 1847 416 1930; x_wconf 90' lang='lat' dir='ltr'><strong>primi</strong></span> <span class='ocrx_word' id='word_1_113' title='bbox 438 1847 472 1910; x_wconf 91' lang='lat' dir='ltr'><strong>in</strong></span> <span class='ocrx_word' id='word_1_114' title='bbox 495 1847 640 1912; x_wconf 90' lang='lat' dir='ltr'><strong>uersibus</strong></span> <span class='ocrx_word' id='word_1_115' title='bbox 664 1849 838 1931; x_wconf 87' lang='lat' dir='ltr'><strong>quadratis.</strong></span> <span class='ocrx_word' id='word_1_116' title='bbox 885 1851 918 1911; x_wconf 88' lang='lat' dir='ltr'><strong>at</strong></span> <span class='ocrx_word' id='word_1_117' title='bbox 940 1849 973 1912; x_wconf 91' lang='lat' dir='ltr'><strong>in</strong></span> <span class='ocrx_word' id='word_1_118' title='bbox 997 1849 1147 1913; x_wconf 87' lang='lat' dir='ltr'><strong>clausulis</strong></span> <span class='ocrx_word' id='word_1_119' title='bbox 1170 1849 1347 1914; x_wconf 87' lang='lat' dir='ltr'><strong>trochaicis</strong></span> <span class='ocrx_word' id='word_1_120' title='bbox 1373 1886 1411 1897; x_wconf 90' lang='lat'>-</span> <span class='ocrx_word' id='word_1_121' title='bbox 1441 1935 1446 1947; x_wconf 29' lang='grc' dir='ltr'>ι</span> 
     </span>
     <span class='ocr_line' id='line_1_16' title="bbox 238 1962 1414 2050; baseline 0.002 -21"><span class='ocrx_word' id='word_1_122' title='bbox 238 1962 395 2029; x_wconf 87' lang='lat' dir='ltr'><strong>clausulas</strong></span> <span class='ocrx_word' id='word_1_123' title='bbox 430 1962 557 2027; x_wconf 91' lang='lat' dir='ltr'><strong>easdem</strong></span> <span class='ocrx_word' id='word_1_124' title='bbox 593 1964 662 2027; x_wconf 89' lang='lat' dir='ltr'><strong>dico</strong></span> <span class='ocrx_word' id='word_1_125' title='bbox 685 1986 764 2047; x_wconf 89' lang='lat' dir='ltr'><strong>quas</strong></span> <span class='ocrx_word' id='word_1_126' title='bbox 787 1962 891 2029; x_wconf 87' lang='lat' dir='ltr'><strong>Varro</strong></span> <span class='ocrx_word' id='word_1_127' title='bbox 916 2000 955 2009; x_wconf 91' lang='lat'><em>-</em></span> <span class='ocrx_word' id='word_1_128' title='bbox 980 1964 1039 2030; x_wconf 93' lang='lat' dir='ltr'><strong>hoc</strong></span> <span class='ocrx_word' id='word_1_129' title='bbox 1063 1987 1126 2028; x_wconf 90' lang='lat' dir='ltr'><strong>non</strong></span> <span class='ocrx_word' id='word_1_130' title='bbox 1149 1965 1260 2029; x_wconf 92' lang='lat' dir='ltr'><strong>inueni</strong></span> <span class='ocrx_word' id='word_1_131' title='bbox 1282 1970 1414 2050; x_wconf 85' lang='lat' dir='ltr'><strong>praeter</strong></span> 
     </span>
     <span class='ocr_line' id='line_1_17' title="bbox 237 2077 1413 2162; baseline 0.006 -20"><span class='ocrx_word' id='word_1_132' title='bbox 237 2077 342 2143; x_wconf 92' lang='lat' dir='ltr'><strong>Plaut.</strong></span> <span class='ocrx_word' id='word_1_133' title='bbox 367 2077 437 2143; x_wconf 77' lang='lat' dir='ltr'><strong>Cas.</strong></span> <span class='ocrx_word' id='word_1_134' title='bbox 461 2077 502 2144; x_wconf 89' lang='lat' dir='ltr'><strong>V.</strong></span> <span class='ocrx_word' id='word_1_135' title='bbox 527 2080 558 2143; x_wconf 91' lang='grc'><strong>2.</strong></span> <span class='ocrx_word' id='word_1_136' title='bbox 583 2080 624 2144; x_wconf 89' lang='grc'><strong>53</strong></span> <span class='ocrx_word' id='word_1_137' title='bbox 648 2078 727 2162; x_wconf 88' lang='grc'><strong>(864</strong></span> <span class='ocrx_word' id='word_1_138' title='bbox 757 2080 850 2159; x_wconf 80' lang='lat' dir='ltr'><strong>Usa),</strong></span> <span class='ocrx_word' id='word_1_139' title='bbox 876 2081 903 2143; x_wconf 92' lang='lat' dir='ltr'><strong>si</strong></span> <span class='ocrx_word' id='word_1_140' title='bbox 918 2080 995 2145; x_wconf 88' lang='lat' dir='ltr'><strong>licet</strong></span> <span class='ocrx_word' id='word_1_141' title='bbox 1010 2081 1056 2144; x_wconf 90' lang='lat' dir='ltr'><strong>sic</strong></span> <span class='ocrx_word' id='word_1_142' title='bbox 1072 2082 1223 2145; x_wconf 88' lang='lat' dir='ltr'><strong>scandere</strong></span> <span class='ocrx_word' id='word_1_143' title='bbox 1241 2080 1316 2147; x_wconf 81' lang='lat' dir='ltr'><strong>’Sed</strong></span> <span class='ocrx_word' id='word_1_144' title='bbox 1329 2083 1413 2149; x_wconf 90' lang='lat' dir='ltr'><strong>ubist</strong></span> 
     </span>
     <span class='ocr_line' id='line_1_18' title="bbox 237 2193 1415 2284; baseline 0.004 -25"><span class='ocrx_word' id='word_1_145' title='bbox 237 2194 402 2278; x_wconf 70' lang='lat' dir='ltr'><strong>palliolum</strong></span> <span class='ocrx_word' id='word_1_146' title='bbox 424 2196 537 2259; x_wconf 76' lang='lat' dir='ltr'><strong>tuum?</strong></span> <span class='ocrx_word' id='word_1_147' title='bbox 554 2193 566 2276; x_wconf 81' lang='lat' dir='ltr'><strong>ll</strong></span> <span class='ocrx_word' id='word_1_148' title='bbox 583 2193 646 2259; x_wconf 80' lang='lat' dir='ltr'><strong>Hic</strong></span> <span class='ocrx_word' id='word_1_149' title='bbox 669 2195 781 2259; x_wconf 83' lang='lat' dir='ltr'><strong>iutiis</strong></span> <span class='ocrx_word' id='word_1_150' title='bbox 805 2195 940 2280; x_wconf 83' lang='lat' dir='ltr'><strong>rehqui’.</strong></span> <span class='ocrx_word' id='word_1_151' title='bbox 988 2197 1121 2280; x_wconf 82' lang='lat' dir='ltr'><strong>quodsi</strong></span> <span class='ocrx_word' id='word_1_152' title='bbox 1144 2219 1182 2261; x_wconf 88' lang='lat' dir='ltr'><strong>ea</strong></span> <span class='ocrx_word' id='word_1_153' title='bbox 1196 2197 1296 2262; x_wconf 88' lang='lat' dir='ltr'><strong>thesis</strong></span> <span class='ocrx_word' id='word_1_154' title='bbox 1315 2199 1415 2284; x_wconf 85' lang='lat' dir='ltr'><strong>longa</strong></span> 
     </span>
     <span class='ocr_line' id='line_1_19' title="bbox 239 2309 1414 2409; baseline 0.006 -35"><span class='ocrx_word' id='word_1_155' title='bbox 239 2314 299 2388; x_wconf 89' lang='lat' dir='ltr'><strong>est,</strong></span> <span class='ocrx_word' id='word_1_156' title='bbox 323 2310 432 2395; x_wconf 85' lang='lat' dir='ltr'><strong>grauis</strong></span> <span class='ocrx_word' id='word_1_157' title='bbox 457 2332 525 2375; x_wconf 90' lang='lat' dir='ltr'><strong>esse</strong></span> <span class='ocrx_word' id='word_1_158' title='bbox 548 2310 639 2390; x_wconf 88' lang='lat' dir='ltr'><strong>solet,</strong></span> <span class='ocrx_word' id='word_1_159' title='bbox 664 2314 699 2374; x_wconf 93' lang='lat' dir='ltr'><strong>ut</strong></span> <span class='ocrx_word' id='word_1_160' title='bbox 714 2311 810 2395; x_wconf 83' lang='lat' dir='ltr'><strong>Epid.</strong></span> <span class='ocrx_word' id='word_1_161' title='bbox 829 2311 869 2375; x_wconf 82' lang='lat'><strong>76</strong></span> <span class='ocrx_word' id='word_1_162' title='bbox 886 2309 954 2385; x_wconf 81' lang='lat' dir='ltr'><strong>Quo</strong></span> <span class='ocrx_word' id='word_1_163' title='bbox 969 2315 1005 2375; x_wconf 92' lang='lat' dir='ltr'><strong>tn</strong></span> <span class='ocrx_word' id='word_1_164' title='bbox 1021 2313 1195 2377; x_wconf 81' lang='lat' dir='ltr'><strong>interbitas</strong></span> <span class='ocrx_word' id='word_1_165' title='bbox 1211 2314 1304 2378; x_wconf 91' lang='lat' dir='ltr'><strong>modo</strong></span> <span class='ocrx_word' id='word_1_166' title='bbox 1315 2339 1322 2397; x_wconf 75' lang='grc' dir='ltr'><strong>ς</strong></span> <span class='ocrx_word' id='word_1_167' title='bbox 1334 2314 1414 2409; x_wconf 83' lang='grc' dir='ltr'><strong>ΙΤο1.</strong></span> 
     </span>
    </p>
   </div>
   <div class='ocr_carea' id='block_1_7' title="bbox 235 2404 1413 2628">
    <p class='ocr_par' dir='ltr' id='par_1_8' title="bbox 235 2404 1413 2628">
     <span class='ocr_line' id='line_1_20' title="bbox 236 2404 1413 2513; baseline 0.003 -22"><span class='ocrx_word' id='word_1_168' title='bbox 236 2424 299 2491; x_wconf 89' lang='lat' dir='ltr'><strong>Ad.</strong></span> <span class='ocrx_word' id='word_1_169' title='bbox 337 2426 398 2491; x_wconf 91' lang='grc'><strong>158</strong></span> <span class='ocrx_word' id='word_1_170' title='bbox 426 2404 498 2510; x_wconf 75' lang='lat' dir='ltr'><strong>Ilgo</strong></span> <span class='ocrx_word' id='word_1_171' title='bbox 521 2426 614 2491; x_wconf 89' lang='lat' dir='ltr'><strong>istam</strong></span> <span class='ocrx_word' id='word_1_172' title='bbox 637 2426 755 2491; x_wconf 90' lang='lat' dir='ltr'><strong>inuitis</strong></span> <span class='ocrx_word' id='word_1_173' title='bbox 778 2427 933 2503; x_wconf 81' lang='lat' dir='ltr'><strong>omnibus</strong></span> <span class='ocrx_word' id='word_1_174' title='bbox 981 2431 1067 2491; x_wconf 90' lang='lat' dir='ltr'><strong>certo</strong></span> <span class='ocrx_word' id='word_1_175' title='bbox 1091 2428 1191 2513; x_wconf 88' lang='lat' dir='ltr'><strong>igitur</strong></span> <span class='ocrx_word' id='word_1_176' title='bbox 1214 2428 1274 2492; x_wconf 93' lang='lat' dir='ltr'><strong>hoc</strong></span> <span class='ocrx_word' id='word_1_177' title='bbox 1298 2431 1413 2495; x_wconf 90' lang='lat' dir='ltr'><strong>discri-</strong></span> 
     </span>
     <span class='ocr_line' id='line_1_21' title="bbox 235 2541 1413 2628; baseline 0.007 -23"><span class='ocrx_word' id='word_1_178' title='bbox 235 2542 321 2605; x_wconf 87' lang='lat' dir='ltr'><strong>mine</strong></span> <span class='ocrx_word' id='word_1_179' title='bbox 352 2563 463 2607; x_wconf 89' lang='lat' dir='ltr'><strong>uersus</strong></span> <span class='ocrx_word' id='word_1_180' title='bbox 486 2541 682 2606; x_wconf 89' lang='lat' dir='ltr'><strong>scenicorum</strong></span> <span class='ocrx_word' id='word_1_181' title='bbox 706 2542 857 2607; x_wconf 84' lang='lat' dir='ltr'><strong>differunt</strong></span> <span class='ocrx_word' id='word_1_182' title='bbox 881 2565 899 2607; x_wconf 91' lang='lat' dir='ltr'><strong>a</strong></span> <span class='ocrx_word' id='word_1_183' title='bbox 922 2543 1010 2626; x_wconf 91' lang='lat' dir='ltr'><strong>poesi</strong></span> <span class='ocrx_word' id='word_1_184' title='bbox 1033 2544 1185 2608; x_wconf 88' lang='lat' dir='ltr'><strong>saturnia.</strong></span> <span class='ocrx_word' id='word_1_185' title='bbox 1233 2545 1318 2628; x_wconf 89' lang='lat' dir='ltr'><strong>qnod</strong></span> <span class='ocrx_word' id='word_1_186' title='bbox 1343 2569 1413 2613; x_wconf 87' lang='lat' dir='ltr'><strong>cam</strong></span> 
     </span>
    </p>
   </div>
   <div class='ocr_carea' id='block_1_8' title="bbox 234 2657 1415 4378">
    <p class='ocr_par' dir='ltr' id='par_1_9' title="bbox 235 2657 1415 3436">
     <span class='ocr_line' id='line_1_22' title="bbox 236 2657 1414 2742; baseline 0.003 -20"><span class='ocrx_word' id='word_1_187' title='bbox 236 2658 378 2738; x_wconf 90' lang='lat' dir='ltr'><strong>obrem,</strong></span> <span class='ocrx_word' id='word_1_188' title='bbox 403 2657 525 2742; x_wconf 84' lang='lat' dir='ltr'><strong>opinor,</strong></span> <span class='ocrx_word' id='word_1_189' title='bbox 549 2680 568 2721; x_wconf 89' lang='lat' dir='ltr'><strong>a</strong></span> <span class='ocrx_word' id='word_1_190' title='bbox 590 2678 677 2722; x_wconf 90' lang='lat' dir='ltr'><strong>more</strong></span> <span class='ocrx_word' id='word_1_191' title='bbox 702 2658 873 2722; x_wconf 89' lang='lat' dir='ltr'><strong>domestico</strong></span> <span class='ocrx_word' id='word_1_192' title='bbox 898 2659 1107 2723; x_wconf 89' lang='lat' dir='ltr'><strong>discesserunt</strong></span> <span class='ocrx_word' id='word_1_193' title='bbox 1130 2660 1257 2736; x_wconf 88' lang='lat' dir='ltr'><strong>scenici,</strong></span> <span class='ocrx_word' id='word_1_194' title='bbox 1282 2682 1324 2725; x_wconf 87' lang='lat' dir='ltr'><strong>ne</strong></span> <span class='ocrx_word' id='word_1_195' title='bbox 1342 2684 1414 2727; x_wconf 87' lang='lat' dir='ltr'><strong>uer·</strong></span> 
     </span>
     <span class='ocr_line' id='line_1_23' title="bbox 239 2773 1414 2861; baseline 0.005 -25"><span class='ocrx_word' id='word_1_196' title='bbox 239 2795 291 2839; x_wconf 89' lang='lat' dir='ltr'><strong>sus</strong></span> <span class='ocrx_word' id='word_1_197' title='bbox 326 2773 375 2837; x_wconf 90' lang='lat' dir='ltr'><strong>sui</strong></span> <span class='ocrx_word' id='word_1_198' title='bbox 409 2773 504 2838; x_wconf 90' lang='lat' dir='ltr'><strong>nimis</strong></span> <span class='ocrx_word' id='word_1_199' title='bbox 540 2773 695 2838; x_wconf 88' lang='lat' dir='ltr'><strong>distarent</strong></span> <span class='ocrx_word' id='word_1_200' title='bbox 730 2773 770 2838; x_wconf 90' lang='lat' dir='ltr'><strong>ab</strong></span> <span class='ocrx_word' id='word_1_201' title='bbox 806 2775 959 2858; x_wconf 86' lang='lat' dir='ltr'><strong>exemplis</strong></span> <span class='ocrx_word' id='word_1_202' title='bbox 994 2776 1129 2859; x_wconf 82' lang='lat' dir='ltr'><strong>graecis,</strong></span> <span class='ocrx_word' id='word_1_203' title='bbox 1183 2797 1257 2839; x_wconf 90' lang='lat' dir='ltr'><strong>nam</strong></span> <span class='ocrx_word' id='word_1_204' title='bbox 1292 2778 1414 2861; x_wconf 82' lang='lat' dir='ltr'><strong>graeci,</strong></span> 
     </span>
     <span class='ocr_line' id='line_1_24' title="bbox 239 2889 1415 2975; baseline 0.004 -23"><span class='ocrx_word' id='word_1_205' title='bbox 239 2890 324 2972; x_wconf 91' lang='lat' dir='ltr'><strong>quod</strong></span> <span class='ocrx_word' id='word_1_206' title='bbox 359 2910 466 2953; x_wconf 89' lang='lat' dir='ltr'><strong>omnes</strong></span> <span class='ocrx_word' id='word_1_207' title='bbox 501 2889 615 2968; x_wconf 88' lang='lat' dir='ltr'><strong>sciunt,</strong></span> <span class='ocrx_word' id='word_1_208' title='bbox 649 2911 815 2953; x_wconf 87' lang='lat' dir='ltr'><strong>nnmerum</strong></span> <span class='ocrx_word' id='word_1_209' title='bbox 852 2889 1046 2955; x_wconf 90' lang='lat' dir='ltr'><strong>trochaicum</strong></span> <span class='ocrx_word' id='word_1_210' title='bbox 1072 2892 1104 2955; x_wconf 92' lang='lat' dir='ltr'><strong>in</strong></span> <span class='ocrx_word' id='word_1_211' title='bbox 1128 2891 1303 2975; x_wconf 88' lang='lat' dir='ltr'><strong>imparibus</strong></span> <span class='ocrx_word' id='word_1_212' title='bbox 1329 2894 1415 2957; x_wconf 89' lang='lat' dir='ltr'><strong>sedi·</strong></span> 
     </span>
     <span class='ocr_line' id='line_1_25' title="bbox 238 3004 1413 3091; baseline 0.004 -21"><span class='ocrx_word' id='word_1_213' title='bbox 238 3004 297 3070; x_wconf 90' lang='lat' dir='ltr'><strong>bus</strong></span> <span class='ocrx_word' id='word_1_214' title='bbox 332 3005 552 3088; x_wconf 84' lang='lat' dir='ltr'><strong>exprimebant</strong></span> <span class='ocrx_word' id='word_1_215' title='bbox 585 3005 766 3090; x_wconf 81' lang='lat' dir='ltr'><strong>diligenter.</strong></span> <span class='ocrx_word' id='word_1_216' title='bbox 813 3009 848 3069; x_wconf 91' lang='lat' dir='ltr'><strong>ut</strong></span> <span class='ocrx_word' id='word_1_217' title='bbox 876 3005 1108 3090; x_wconf 83' lang='lat' dir='ltr'><strong>Aristophanes</strong></span> <span class='ocrx_word' id='word_1_218' title='bbox 1133 3007 1208 3091; x_wconf 85' lang='lat' dir='ltr'><strong>Lys.</strong></span> <span class='ocrx_word' id='word_1_219' title='bbox 1234 3007 1413 3074; x_wconf 80' lang='lat'>797-802</span> 
     </span>
     <span class='ocr_line' id='line_1_26' title="bbox 236 3111 1411 3209; baseline 0.006 -29"><span class='ocrx_word' id='word_1_220' title='bbox 236 3114 392 3203; x_wconf 73' lang='lat' dir='ltr'><strong>Boouoper</strong></span> <span class='ocrx_word' id='word_1_221' title='bbox 432 3141 476 3194; x_wconf 82' lang='lat' dir='ltr'><strong>ce,</strong></span> <span class='ocrx_word' id='word_1_222' title='bbox 512 3127 598 3209; x_wconf 74' lang='grc' dir='ltr'>γρᾳῦ,</span> <span class='ocrx_word' id='word_1_223' title='bbox 634 3111 741 3182; x_wconf 71' lang='lat' dir='ltr'><strong>abaci</strong></span> <span class='ocrx_word' id='word_1_224' title='bbox 760 3125 792 3185; x_wconf 93' lang='lat' dir='ltr'><strong>et</strong></span> <span class='ocrx_word' id='word_1_225' title='bbox 826 3144 857 3205; x_wconf 93' lang='lat' dir='ltr'><strong>q.</strong></span> <span class='ocrx_word' id='word_1_226' title='bbox 893 3143 976 3205; x_wconf 90' lang='lat' dir='ltr'><strong>seq.;</strong></span> <span class='ocrx_word' id='word_1_227' title='bbox 1013 3120 1203 3186; x_wconf 87' lang='lat' dir='ltr'><strong>Autocrates</strong></span> <span class='ocrx_word' id='word_1_228' title='bbox 1228 3123 1260 3185; x_wconf 91' lang='lat' dir='ltr'><strong>in</strong></span> <span class='ocrx_word' id='word_1_229' title='bbox 1284 3128 1411 3208; x_wconf 85' lang='lat' dir='ltr'><strong>tympa-</strong></span> 
     </span>
     <span class='ocr_line' id='line_1_27' title="bbox 236 3232 1415 3323; baseline 0.003 -25"><span class='ocrx_word' id='word_1_230' title='bbox 236 3235 328 3299; x_wconf 89' lang='lat' dir='ltr'><strong>nistis</strong></span> <span class='ocrx_word' id='word_1_231' title='bbox 374 3236 414 3300; x_wconf 80' lang='lat' dir='ltr'><strong>fr.</strong></span> <span class='ocrx_word' id='word_1_232' title='bbox 449 3235 474 3300; x_wconf 94' lang='grc'><strong>1.</strong></span> <span class='ocrx_word' id='word_1_233' title='bbox 513 3236 598 3301; x_wconf 86' lang='grc'><strong>1-9</strong></span> <span class='ocrx_word' id='word_1_234' title='bbox 633 3236 673 3300; x_wconf 84' lang='grc' dir='ltr'><em>Κ</em></span> <span class='ocrx_word' id='word_1_235' title='bbox 704 3232 754 3298; x_wconf 81' lang='lat' dir='ltr'><strong>cio</strong></span> <span class='ocrx_word' id='word_1_236' title='bbox 787 3239 940 3307; x_wconf 75' lang='grc' dir='ltr'>παίζουσιν</span> <span class='ocrx_word' id='word_1_237' title='bbox 976 3232 1062 3323; x_wconf 81' lang='grc' dir='ltr'>φίλαι</span> <span class='ocrx_word' id='word_1_238' title='bbox 1085 3238 1097 3321; x_wconf 75' lang='lat' dir='ltr'><strong>ll</strong></span> <span class='ocrx_word' id='word_1_239' title='bbox 1121 3233 1268 3320; x_wconf 76' lang='grc' dir='ltr'>παρθένοι</span> <span class='ocrx_word' id='word_1_240' title='bbox 1303 3238 1415 3303; x_wconf 81' lang='grc' dir='ltr'>Λυδῶν</span> 
     </span>
     <span class='ocr_line' id='line_1_28' title="bbox 235 3354 524 3436; baseline 0.007 -24"><span class='ocrx_word' id='word_1_241' title='bbox 235 3354 325 3433; x_wconf 81' lang='grc' dir='ltr'>κόραι</span> <span class='ocrx_word' id='word_1_242' title='bbox 348 3357 381 3415; x_wconf 88' lang='grc'><strong>01</strong></span> <span class='ocrx_word' id='word_1_243' title='bbox 404 3374 434 3435; x_wconf 92' lang='lat' dir='ltr'><strong>q.</strong></span> <span class='ocrx_word' id='word_1_244' title='bbox 459 3373 524 3436; x_wconf 90' lang='lat' dir='ltr'><strong>seq.</strong></span> 
     </span>
    </p>

    <p class='ocr_par' dir='ltr' id='par_1_10' title="bbox 234 3483 1414 4378">
     <span class='ocr_line' id='line_1_29' title="bbox 342 3483 1414 3572; baseline 0.005 -24"><span class='ocrx_word' id='word_1_245' title='bbox 342 3483 429 3560; x_wconf 80' lang='lat' dir='ltr'><strong>Quod</strong></span> <span class='ocrx_word' id='word_1_246' title='bbox 453 3489 612 3569; x_wconf 86' lang='lat' dir='ltr'><strong>utcunque</strong></span> <span class='ocrx_word' id='word_1_247' title='bbox 635 3489 693 3565; x_wconf 90' lang='lat' dir='ltr'><strong>est,</strong></span> <span class='ocrx_word' id='word_1_248' title='bbox 718 3489 803 3550; x_wconf 89' lang='lat' dir='ltr'><strong>certe</strong></span> <span class='ocrx_word' id='word_1_249' title='bbox 827 3487 930 3570; x_wconf 88' lang='lat' dir='ltr'><strong>poesis</strong></span> <span class='ocrx_word' id='word_1_250' title='bbox 954 3487 1096 3551; x_wconf 87' lang='lat' dir='ltr'><strong>saturnia</strong></span> <span class='ocrx_word' id='word_1_251' title='bbox 1120 3510 1158 3551; x_wconf 87' lang='lat' dir='ltr'><strong>ea</strong></span> <span class='ocrx_word' id='word_1_252' title='bbox 1180 3488 1253 3572; x_wconf 83' lang='lat' dir='ltr'><strong>lege</strong></span> <span class='ocrx_word' id='word_1_253' title='bbox 1277 3510 1342 3552; x_wconf 91' lang='lat' dir='ltr'><strong>non</strong></span> <span class='ocrx_word' id='word_1_254' title='bbox 1363 3492 1414 3554; x_wconf 89' lang='lat' dir='ltr'><strong>te-</strong></span> 
     </span>
     <span class='ocr_line' id='line_1_30' title="bbox 234 3602 1413 3687; baseline 0.005 -24"><span class='ocrx_word' id='word_1_255' title='bbox 234 3604 338 3665; x_wconf 89' lang='lat' dir='ltr'><strong>netur.</strong></span> <span class='ocrx_word' id='word_1_256' title='bbox 384 3623 443 3664; x_wconf 89' lang='lat' dir='ltr'><strong>nec</strong></span> <span class='ocrx_word' id='word_1_257' title='bbox 466 3623 543 3666; x_wconf 89' lang='lat' dir='ltr'><strong>nero</strong></span> <span class='ocrx_word' id='word_1_258' title='bbox 567 3603 644 3665; x_wconf 89' lang='lat' dir='ltr'><strong>satis</strong></span> <span class='ocrx_word' id='word_1_259' title='bbox 668 3602 730 3666; x_wconf 90' lang='lat' dir='ltr'><strong>sibi</strong></span> <span class='ocrx_word' id='word_1_260' title='bbox 754 3606 878 3666; x_wconf 89' lang='lat' dir='ltr'><strong>constat</strong></span> <span class='ocrx_word' id='word_1_261' title='bbox 901 3603 1059 3667; x_wconf 82' lang='lat' dir='ltr'><strong>Lucienus</strong></span> <span class='ocrx_word' id='word_1_262' title='bbox 1079 3603 1216 3668; x_wconf 88' lang='lat' dir='ltr'><strong>Mueller</strong></span> <span class='ocrx_word' id='word_1_263' title='bbox 1232 3605 1315 3687; x_wconf 94' lang='lat' dir='ltr'><strong>quod</strong></span> <span class='ocrx_word' id='word_1_264' title='bbox 1334 3604 1413 3670; x_wconf 91' lang='lat' dir='ltr'><strong>colis</strong></span> 
     </span>
     <span class='ocr_line' id='line_1_31' title="bbox 234 3714 1413 3804; baseline 0.007 -25"><span class='ocrx_word' id='word_1_265' title='bbox 234 3716 381 3781; x_wconf 85' lang='lat' dir='ltr'><strong>iambicis</strong></span> <span class='ocrx_word' id='word_1_266' title='bbox 414 3714 635 3783; x_wconf 81' lang='lat' dir='ltr'><strong>Satumiorum</strong></span> <span class='ocrx_word' id='word_1_267' title='bbox 670 3739 740 3782; x_wconf 88' lang='lat' dir='ltr'><strong>eam</strong></span> <span class='ocrx_word' id='word_1_268' title='bbox 763 3719 915 3783; x_wconf 88' lang='lat' dir='ltr'><strong>maiorem</strong></span> <span class='ocrx_word' id='word_1_269' title='bbox 938 3719 1183 3802; x_wconf 90' lang='lat' dir='ltr'><strong>discrepantiam</strong></span> <span class='ocrx_word' id='word_1_270' title='bbox 1208 3719 1290 3784; x_wconf 89' lang='lat' dir='ltr'><strong>ictus</strong></span> <span class='ocrx_word' id='word_1_271' title='bbox 1315 3724 1413 3804; x_wconf 87' lang='lat' dir='ltr'><strong>atquc</strong></span> 
     </span>
     <span class='ocr_line' id='line_1_32' title="bbox 235 3832 1412 3919; baseline 0.003 -22"><span class='ocrx_word' id='word_1_272' title='bbox 235 3836 384 3897; x_wconf 86' lang='lat' dir='ltr'><strong>accentus</strong></span> <span class='ocrx_word' id='word_1_273' title='bbox 418 3832 452 3896; x_wconf 91' lang='lat' dir='ltr'><strong>in</strong></span> <span class='ocrx_word' id='word_1_274' title='bbox 485 3832 569 3897; x_wconf 89' lang='lat' dir='ltr'><strong>thesi</strong></span> <span class='ocrx_word' id='word_1_275' title='bbox 598 3855 635 3897; x_wconf 90' lang='lat' dir='ltr'><strong>ea</strong></span> <span class='ocrx_word' id='word_1_276' title='bbox 658 3855 740 3917; x_wconf 90' lang='lat' dir='ltr'><strong>quae</strong></span> <span class='ocrx_word' id='word_1_277' title='bbox 763 3834 841 3899; x_wconf 89' lang='lat' dir='ltr'><strong>ictui</strong></span> <span class='ocrx_word' id='word_1_278' title='bbox 865 3836 1002 3899; x_wconf 90' lang='lat' dir='ltr'><strong>secundo</strong></span> <span class='ocrx_word' id='word_1_279' title='bbox 1025 3836 1189 3919; x_wconf 87' lang='lat' dir='ltr'><strong>praecedit</strong></span> <span class='ocrx_word' id='word_1_280' title='bbox 1210 3835 1309 3899; x_wconf 89' lang='lat' dir='ltr'><strong>tacite</strong></span> <span class='ocrx_word' id='word_1_281' title='bbox 1334 3857 1412 3900; x_wconf 88' lang='lat' dir='ltr'><strong>con·</strong></span> 
     </span>
     <span class='ocr_line' id='line_1_33' title="bbox 235 3948 1411 4034; baseline 0.004 -23"><span class='ocrx_word' id='word_1_282' title='bbox 235 3949 340 4029; x_wconf 83' lang='lat' dir='ltr'><strong>cessit,</strong></span> <span class='ocrx_word' id='word_1_283' title='bbox 374 3949 507 4033; x_wconf 84' lang='lat' dir='ltr'><strong>negauit</strong></span> <span class='ocrx_word' id='word_1_284' title='bbox 529 3948 710 4021; x_wconf 80' lang='lat' dir='ltr'><strong>trochaicis.</strong></span> <span class='ocrx_word' id='word_1_285' title='bbox 757 3971 832 4013; x_wconf 88' lang='lat' dir='ltr'><strong>sane</strong></span> <span class='ocrx_word' id='word_1_286' title='bbox 856 3951 959 4014; x_wconf 89' lang='lat' dir='ltr'><strong>rarius</strong></span> <span class='ocrx_word' id='word_1_287' title='bbox 982 3951 1168 4034; x_wconf 89' lang='lat' dir='ltr'><strong>producitur</strong></span> <span class='ocrx_word' id='word_1_288' title='bbox 1191 3972 1229 4014; x_wconf 89' lang='lat' dir='ltr'><strong>ea</strong></span> <span class='ocrx_word' id='word_1_289' title='bbox 1251 3949 1353 4015; x_wconf 88' lang='lat' dir='ltr'><strong>thesis</strong></span> <span class='ocrx_word' id='word_1_290' title='bbox 1377 3952 1411 4016; x_wconf 93' lang='lat' dir='ltr'><strong>in</strong></span> 
     </span>
     <span class='ocr_line' id='line_1_34' title="bbox 235 4063 1413 4149; baseline 0.002 -21"><span class='ocrx_word' id='word_1_291' title='bbox 235 4063 312 4128; x_wconf 90' lang='lat' dir='ltr'><strong>colis</strong></span> <span class='ocrx_word' id='word_1_292' title='bbox 346 4063 517 4128; x_wconf 90' lang='lat' dir='ltr'><strong>trochaicis</strong></span> <span class='ocrx_word' id='word_1_293' title='bbox 552 4065 765 4129; x_wconf 89' lang='lat' dir='ltr'><strong>saturniorum</strong></span> <span class='ocrx_word' id='word_1_294' title='bbox 800 4088 896 4149; x_wconf 89' lang='lat' dir='ltr'><strong>quam</strong></span> <span class='ocrx_word' id='word_1_295' title='bbox 919 4066 952 4129; x_wconf 93' lang='lat' dir='ltr'><strong>in</strong></span> <span class='ocrx_word' id='word_1_296' title='bbox 975 4066 1132 4130; x_wconf 90' lang='lat' dir='ltr'><strong>iambicis.</strong></span> <span class='ocrx_word' id='word_1_297' title='bbox 1179 4066 1235 4129; x_wconf 90' lang='lat' dir='ltr'><strong>sed</strong></span> <span class='ocrx_word' id='word_1_298' title='bbox 1258 4067 1285 4129; x_wconf 92' lang='lat' dir='ltr'><strong>si</strong></span> <span class='ocrx_word' id='word_1_299' title='bbox 1308 4067 1413 4149; x_wconf 92' lang='lat' dir='ltr'><strong>licuit,</strong></span> 
     </span>
     <span class='ocr_line' id='line_1_35' title="bbox 235 4179 1413 4266; baseline 0.004 -23"><span class='ocrx_word' id='word_1_300' title='bbox 235 4182 272 4243; x_wconf 92' lang='lat' dir='ltr'><strong>ut</strong></span> <span class='ocrx_word' id='word_1_301' title='bbox 305 4179 407 4257; x_wconf 86' lang='lat' dir='ltr'><strong>licuit,</strong></span> <span class='ocrx_word' id='word_1_302' title='bbox 432 4181 559 4244; x_wconf 85' lang='lat' dir='ltr'><strong>camin</strong></span> <span class='ocrx_word' id='word_1_303' title='bbox 582 4185 717 4264; x_wconf 85' lang='lat' dir='ltr'><strong>utroque</strong></span> <span class='ocrx_word' id='word_1_304' title='bbox 741 4202 859 4266; x_wconf 85' lang='lat' dir='ltr'><strong>genere</strong></span> <span class='ocrx_word' id='word_1_305' title='bbox 883 4181 1069 4265; x_wconf 90' lang='lat' dir='ltr'><strong>producere,</strong></span> <span class='ocrx_word' id='word_1_306' title='bbox 1093 4181 1120 4244; x_wconf 91' lang='lat' dir='ltr'><strong>si</strong></span> <span class='ocrx_word' id='word_1_307' title='bbox 1144 4184 1267 4246; x_wconf 88' lang='lat' dir='ltr'><strong>constat</strong></span> <span class='ocrx_word' id='word_1_308' title='bbox 1290 4182 1413 4248; x_wconf 88' lang='lat' dir='ltr'><strong>iambos</strong></span> 
     </span>
     <span class='ocr_line' id='line_1_36' title="bbox 238 4275 1413 4378; baseline 0.005 -20"><span class='ocrx_word' id='word_1_309' title='bbox 238 4295 451 4360; x_wconf 89' lang='lat' dir='ltr'><strong>saturniorum</strong></span> <span class='ocrx_word' id='word_1_310' title='bbox 476 4318 514 4360; x_wconf 86' lang='lat' dir='ltr'><strong>ea</strong></span> <span class='ocrx_word' id='word_1_311' title='bbox 530 4296 745 4378; x_wconf 84' lang='lat' dir='ltr'><strong>discrepantia</strong></span> <span class='ocrx_word' id='word_1_312' title='bbox 761 4297 891 4362; x_wconf 92' lang='lat' dir='ltr'><strong>minime</strong></span> <span class='ocrx_word' id='word_1_313' title='bbox 908 4275 1027 4376; x_wconf 83' lang='lat' dir='ltr'><strong>carere,</strong></span> <span class='ocrx_word' id='word_1_314' title='bbox 1044 4300 1290 4362; x_wconf 87' lang='lat' dir='ltr'><strong>consentaneum</strong></span> <span class='ocrx_word' id='word_1_315' title='bbox 1307 4302 1413 4364; x_wconf 89' lang='lat' dir='ltr'><strong>estne</strong></span> 
     </span>
    </p>
   </div>
   <div class='ocr_carea' id='block_1_9' title="bbox 0 0 1460 4778">
    <p class='ocr_par' dir='ltr' id='par_1_11' title="bbox 0 0 1460 4778">
     <span class='ocr_line' id='line_1_37' title="bbox 0 0 1460 4778; baseline 0 0"><span class='ocrx_word' id='word_1_316' title='bbox 0 0 1460 4778; x_wconf 95' lang='lat' dir='ltr'><strong> </strong></span> 
     </span>
    </p>
   </div>
   <div class='ocr_carea' id='block_1_10' title="bbox 1453 33 1455 881">
    <p class='ocr_par' dir='ltr' id='par_1_12' title="bbox 1453 33 1455 881">
     <span class='ocr_line' id='line_1_38' title="bbox 1453 33 1455 881; baseline 0 0"><span class='ocrx_word' id='word_1_317' title='bbox 1453 33 1455 881; x_wconf 95' lang='lat' dir='ltr'><strong> </strong></span> 
     </span>
    </p>
   </div>
  </div>
 </body>
</html>
