2910 4778
581 309 651 356 cAP.
670 309 715 357 XI.
1145 308 1228 356 CCXV
1327 336 1330 341 ·

59 475 226 546 Macrobio
249 485 281 546 et
304 479 419 546 Isidori
442 479 629 567 Originibus
654 486 686 547 et
708 482 748 546 iis
772 482 1006 548 commentariis
1029 481 1229 548 Terentianis

62 597 118 681 qui
141 599 200 662 sub
224 597 343 662 Donati
365 599 491 663 nomine
516 600 663 663 feruntur
685 598 796 682 copiae
816 599 857 664 ab
873 597 998 664 Havete
1012 599 1154 682 prolatae
1171 622 1228 684 pro

61 713 202 778 inaximo
239 735 337 798 eoque
372 715 550 780 necessario
573 715 793 798 supplemento
816 717 1016 779 accesserunt
1039 715 1228 780 editionibus

62 829 308 913 Eyssenhardtii
343 834 375 895 et
408 829 559 896 Vulcanii
593 835 626 895 et
660 831 787 896 Klotzii.
834 837 869 897 iis
891 837 963 896 locis
986 837 1131 897 Plautinis
1154 854 1228 912 quos

60 951 152 1010 attuli
176 951 326 1028 adscripsi,
351 956 498 1028 quantum
521 953 614 1024 licuit,
638 956 674 1012 ut
694 954 820 1012 maxime
844 953 987 1030 cognitos,
1010 972 1147 1013 numeros
1171 953 1228 1012 edi·
1323 948 1325 953 ’

59 1040 151 1099 tionis
175 1040 327 1100 Ritschelii
350 1041 557 1117 sociorumque
581 1043 653 1102 eius.

169 1148 270 1225 Quam
294 1151 464 1217 editionem
487 1151 633 1216 Marcelli
656 1152 813 1237 Empirici
837 1152 914 1218 fecit
937 1150 1092 1237 Georgius
1116 1151 1228 1216 Helm·

61 1264 150 1329 reich
173 1287 243 1330 sero
266 1270 377 1331 nactus
395 1288 480 1346 sum,
504 1272 674 1352 postquam
698 1290 736 1332 ea
758 1290 832 1352 pars
848 1290 937 1332 meae
954 1268 1101 1332 editionis
1116 1268 1150 1332 in
1165 1291 1228 1352 qua

60 1381 123 1445 loci
158 1380 303 1446 Marcelli
335 1386 408 1447 sunt
430 1384 515 1468 typis
540 1405 690 1468 expressa
713 1387 792 1448 erat.
838 1408 917 1449 nunc
940 1389 1049 1448 adnoto
1072 1390 1148 1449 hanc
1171 1390 1226 1448 dis·

59 1504 259 1578 crepantiam:
285 1503 437 1581 Comprec.
464 1505 514 1563 14.
540 1509 558 1565 5
583 1501 657 1564 icles
683 1540 718 1549 -
746 1500 866 1564 tosillas
888 1525 918 1582 p.
945 1505 1017 1564 142.
1048 1505 1089 1562 24
1104 1499 1226 1563 Helmr.

60 1592 132 1649 item
167 1592 465 1652 animaduertendum
499 1614 557 1653 non
592 1595 749 1654 ischiadem
776 1615 794 1652 a
817 1595 967 1663 Marcello,
998 1593 1049 1652 sed
1072 1587 1227 1652 'nesciam’

59 1681 206 1739 nominari
242 1685 272 1740 et
304 1703 333 1758 p.
360 1683 421 1742 248
455 1687 485 1742 et
507 1684 571 1743 aliis
594 1685 675 1743 locis,
721 1685 864 1743 hocloco
888 1684 974 1751 addo,
999 1682 1079 1759 quod
1104 1701 1227 1742 comma·

58 1788 176 1829 morare
211 1771 401 1831 adnotatione
436 1773 474 1831 ad
508 1792 576 1831 eum
602 1774 700 1832 locum
733 1773 830 1843 debui,
856 1772 1021 1832 cantionem
1044 1772 1082 1830 ad
1109 1790 1227 1832 corcum

60 1878 103 1905 =
118 1858 271 1935 Comprec.
310 1859 347 1918 17
377 1862 431 1921 hoe
455 1881 516 1920 asse
541 1863 675 1921 exordio:
700 1855 806 1922 ’Cora
828 1856 975 1938 †corccolo
997 1854 1126 1940 stonum,
1151 1880 1227 1937 quae

59 1949 156 2006 uerba
185 1955 326 2024 corrupta
349 1954 420 2008 sunt
442 1952 683 2026 scansionenrque
707 1970 765 2010 non
789 1951 961 2009 admittunt.
1008 1949 1160 2025 Comprec.
1187 1950 1226 2010 14

59 2057 144 2112 =p.
180 2038 251 2095 142.
278 2038 316 2096 21
344 2033 476 2115 Helmr;
500 2040 652 2116 Comprec.
679 2040 862 2098 15:248.
890 2039 927 2098 18
952 2033 1085 2116 Helmr;
1108 2038 1226 2114 (lompr.

59 2126 101 2184 16
117 2147 200 2202 =p.
231 2127 281 2184 89.
310 2128 348 2185 12
374 2122 506 2202 Helmr;
529 2129 646 2206 Oompr.
675 2129 711 2187 17
727 2150 809 2205 =p.
834 2129 908 2188 220.
934 2129 973 2187 15
999 2123 1121 2188 Helmr.

168 2235 230 2300 Sed
265 2238 359 2302 redeo
391 2240 429 2302 ad
454 2243 560 2303 cetera
582 2240 732 2304 subsidia.
778 2245 808 2302 in
831 2245 928 2304 Nonio
952 2245 1046 2321 igitur
1067 2263 1138 2304 usus
1162 2264 1227 2304 sum

56 2357 149 2415 etiam
187 2358 344 2418 collatione
379 2360 486 2420 codicis
514 2361 666 2420 Harleiani
701 2381 734 2419 ea
770 2380 858 2437 quam
886 2361 977 2419 edidit
999 2361 1029 2431 d,
1053 2361 1092 2419 H.
1118 2360 1226 2420 Onions

57 2445 180 2504 Oxoniae
200 2447 282 2505 1882
297 2454 327 2507 et
341 2449 418 2508 libro
434 2451 573 2525 Meylanii
587 2452 638 2526 qui
655 2451 774 2509 Parisiis
791 2471 818 2509 a.
838 2450 921 2508 1884
936 2450 1048 2526 prodiit
1059 2450 1112 2525 qui
1126 2450 1226 2508 inscri-

54 2531 143 2593 bitur
178 2529 344 2595 ’Oollolion
372 2533 409 2596 dc
427 2535 588 2617 plusieurs
609 2536 799 2597 rnonuscrits
821 2534 858 2596 dc
882 2532 979 2597 Poris
1001 2534 1038 2597 cle
1061 2534 1177 2596 Genea
1199 2539 1227 2597 el

53 2619 95 2682 dc
119 2618 235 2682 Berne'
260 2630 290 2684 et
313 2629 559 2688 commentatione
584 2628 692 2687 Haveti
720 2648 795 2704 quae
818 2628 990 2687 inscribitur
1017 2622 1153 2685 ’Nollces
1169 2643 1227 2685 sur

55 2709 103 2860 lIeIs
114 2710 309 2860 primaeua
324 2712 513 2775 rreuuuscrils
529 2713 565 2774 cle
581 2711 707 2775 Nonius
729 2711 904 2774 Marcellus
921 2732 1006 2795 pour
1029 2712 1071 2775 les
1094 2711 1224 2792 licresI,

120 2805 148 2860 el
241 2849 247 2860 .

165 2910 200 2967 ln
235 2911 377 2971 Varronis
413 2913 448 2971 de
482 2913 585 2990 lingua
621 2913 713 2971 latina
735 2913 819 2971 libris
844 2932 984 2989 magnum
1007 2913 1138 2971 fructum
1163 2913 1226 2989 cepi
1255 2928 1265 2944 ⁹

48 3018 93 3063 ¹ex
122 2999 277 3057 collatione
302 3001 408 3059 codicis
433 3002 597 3060 Florentini
622 3022 710 3077 quam
734 3001 805 3061 fecit
827 3002 981 3078 Adolphus
1006 3000 1101 3060 (iroth
1124 3001 1226 3060 edidit·

54 3106 116 3163 que
140 3088 334 3163 Argentorati
358 3110 384 3148 a.
413 3091 496 3149 1880
521 3087 602 3166 (diss.
627 3093 753 3167 Argent.
777 3091 829 3149 IV.
849 3089 891 3162 2).
923 3109 999 3166 quae
1016 3093 1115 3148 autem
1132 3089 1225 3149 Iulius

55 3177 210 3235 Antonibo
245 3197 281 3234 ex
317 3179 381 3236 cod.
417 3181 492 3238 Mul.
528 3184 666 3256 excerpta
700 3180 825 3238 inseruit
859 3180 1005 3255 ephemer.
1038 3199 1114 3255 quae
1137 3180 1224 3238 inscr.

56 3261 184 3322 'ululato
219 3261 253 3322 cli
274 3261 361 3342 filol’
387 3269 473 3327 XVII
499 3270 561 3326 222
586 3289 662 3345 sqq.,
688 3288 721 3326 ea
744 3273 780 3326 ut
802 3288 855 3344 per
878 3287 908 3327 se
932 3287 990 3327 non
1014 3269 1227 3326 contemnenda

53 3359 137 3425 sunt,
162 3355 205 3412 ita
228 3355 298 3413 nihil
325 3357 385 3414 fere
400 3358 551 3434 pertinent
567 3358 604 3416 ad
620 3377 668 3417 eos
684 3359 764 3416 locos
780 3357 980 3416 Varronianos
997 3375 1070 3432 quos
1087 3356 1225 3416 tractaui.

165 3462 200 3519 In
224 3462 312 3522 Festo
337 3463 425 3522 etiam
450 3465 577 3541 cognoni
601 3484 677 3540 quae
701 3466 891 3524 adnotassent
907 3463 1052 3522 Henricus
1068 3463 1181 3530 Keilius
1197 3467 1227 3522 et

53 3550 230 3609 Theodorus
265 3553 474 3620 Mommsenns‚
511 3573 693 3630 quamquam
728 3573 816 3623 nunc,
852 3553 979 3612 editione
1013 3553 1043 3610 in
1074 3553 1227 3629 publicum

53 3641 128 3698 data
153 3640 356 3708 Thewrewkii‚
382 3643 479 3702 minus
502 3662 578 3719 opus
602 3648 682 3702 sunt.

165 3748 360 3808 Prisciani
384 3751 553 3809 codicem
577 3750 845 3826 Upsaliensern
872 3743 933 3824 (U)
957 3749 1092 3807 biblioth.
1108 3748 1226 3806 uniuer-

54 3837 155 3896 sitatis
183 3857 211 3895 n.
240 3837 277 3895 11
303 3840 559 3898 membranaceum
584 3859 659 3898 saec.
684 3837 752 3908 XII,
778 3839 829 3914 qui
853 3858 875 3895 a.
894 3837 996 3896 Silesia
1015 3837 1165 3913 Upsaliam
1182 3836 1226 3894 ui-

56 3929 145 3985 detur
170 3945 231 3985 esse
256 3928 380 3998 delatus,
405 3929 518 4004 primus
542 3928 665 3998 contuli,
689 3927 744 3986 nisi
760 3927 840 4002 quod
856 3926 894 3984 N.
911 3927 945 3986 F.
963 3927 1050 3984 Nilen
1067 3927 1094 3983 in
1114 3925 1226 3983 ’Prisci
1298 3931 1302 3937 '

56 4014 147 4077 aneis’
184 4014 325 4090 Upsaliae
360 4037 386 4074 a.
427 4018 510 4076 1884
547 4017 733 4076 collationem
761 4016 894 4074 ediderat
917 4017 1039 4091 exiguae
1062 4014 1154 4090 partis
1178 4015 1226 4072 uel

55 4112 130 4165 tom.
146 4104 163 4162 1
179 4106 353 4164 452---492
368 4099 412 4165 Η.
450 4106 475 4165 is
492 4107 717 4176 demonstrauit,
733 4105 812 4180 quod
825 4106 1012 4163 collationem
1024 4103 1143 4161 facienti
1155 4102 1227 4160 mihi

56 4214 178 4271 quoque
201 4195 288 4254 facile
312 4195 461 4271 apparuit,
486 4216 553 4254 eum
578 4195 708 4254 codicem
729 4214 823 4270 neque
840 4213 900 4253 esse
918 4193 1098 4268 descriptum
1114 4211 1149 4248 ex
1164 4193 1226 4249 ullo

54 4303 161 4344 corum
197 4303 271 4360 quos
300 4283 434 4342 adhibuit
468 4281 607 4343 He'rtaius
638 4288 668 4342 et
690 4284 812 4360 propius
836 4283 972 4342 accedere
997 4282 1033 4339 ad
1057 4270 1231 4338 RBDAH
