2910 4778
506 332 786 382 conrsncnrlos'ns

56 1068 85 1120 7.
160 1047 344 1127 Obtestotio
373 1055 421 1125 in
451 1054 655 1127 formula
683 1055 896 1128 foederis
923 1055 1144 1127 faciendi.

89 1268 128 1342 Si
155 1268 260 1362 prior
288 1268 431 1341 defexit
538 1268 686 1363 piiblicd
715 1269 871 1342 consssio

276 1393 363 1466 dolo
393 1393 506 1481 malo,
535 1398 626 1466 tuno
653 1394 717 1466 sslo

89 1519 150 1612 die
179 1519 371 1614 Didspite'r
398 1519 554 1613 pophim
662 1521 863 1592 rominum
891 1523 942 1592 sic
970 1520 1096 1607 fertio,

55 1645 79 1686 '¹‘
276 1645 333 1716 uti
361 1644 459 1716 hiinc
477 1622 557 1737 'egri
586 1667 741 1738 porcum
770 1644 875 1718 heico

86 1771 199 1844 hodie
227 1770 374 1856 feriam,
403 1767 589 1862 tantique
696 1770 815 1863 megia
843 1770 958 1843 ferito
987 1769 1129 1863 quinto
1205 1783 1230 1836 5.

273 1899 393 1990 magis
421 1893 531 1988 potes
558 1893 763 1988 polldsque.

166 2128 297 2187 Liuius
321 2128 346 2188 Ι.
371 2128 411 2186 24
436 2128 451 2197 ἕ
477 2128 506 2185 7.
529 2147 574 2203 sq.
600 2128 711 2186 ”Pater
733 2131 871 2204 patratus
900 2163 933 2171 -
952 2128 1069 2204 legibus
1084 2129 1226 2199 recitatis,

54 2218 170 2287 'Audin
195 2218 302 2293 inquit,
328 2217 465 2292 ’Iupiter3
490 2217 569 2286 audi,
593 2221 679 2292 pater
701 2219 819 2292 patrate
841 2216 945 2292 populi
967 2216 1092 2288 Albani3
1110 2217 1231 2279 auditu

56 2308 187 2383 populus
210 2307 354 2365 Albanus.
404 2311 439 2366 ut
462 2306 513 2364 illa
536 2307 634 2381 palam
657 2305 753 2382 prima
769 2309 918 2382 postrema
934 2326 968 2365 ex
985 2306 1042 2364 illis
1058 2306 1169 2365 tabulis
1187 2326 1229 2366 ce-

56 2416 130 2455 raue
165 2397 290 2455 recitata
324 2400 394 2454 sunt
417 2396 478 2454 sine
502 2396 569 2454 dolo
593 2396 680 2464 malo,
704 2395 808 2471 utique
832 2415 866 2452 ea
889 2395 937 2454 hic
959 2395 1045 2453 hodie
1068 2395 1229 2454 rectissime

55 2486 208 2543 intellecta
243 2493 322 2554 sunt,
358 2485 414 2543 illis
449 2484 564 2561 legibus
590 2484 719 2560 populus
744 2484 895 2542 Romanus
918 2484 1000 2559 prior
1023 2502 1081 2542 non
1105 2485 1228 2544 deficiet.

54 2574 96 2632 Si
130 2575 238 2649 prior
273 2573 423 2632 delexit
466 2608 498 2615 -·
542 2608 576 2615 ·-
607 2573 833 2648 pollesque’.
880 2573 908 2630 id
932 2573 984 2631 ubi
1008 2573 1082 2631 dixit
1104 2593 1229 2649 porcum

51 2682 129 2722 saxo
164 2663 243 2722 silice
272 2663 428 2739 percussit.
474 2681 528 2720 sua
563 2662 632 2720 item
661 2662 791 2721 carmina
814 2662 924 2720 Albani
947 2681 1094 2736 suumque
1117 2663 1163 2722 ius
1186 2663 1228 2721 iu-

54 2754 185 2811 randum
207 2772 261 2828 per
283 2772 368 2810 suum
394 2751 568 2809 dictatorern
592 2770 720 2826 suosque
743 2751 909 2810 sacerdotes
931 2755 1143 2827 peregerunt”.

164 2859 208 2916 Eo
244 2863 336 2934 quae'
353 2858 447 2934 ipsam
483 2858 710 2918 obtestationem
737 2859 786 2916 uel
810 2858 1050 2934 imprecationem
1075 2858 1229 2918 continent

53 2956 154 3006 metro
178 2949 295 3006 condita
319 2951 405 3017 sunt;
430 2951 528 3005 cetera
552 2952 652 3006 autem
675 2949 783 3013 soluta,
809 2966 885 3023 quae
908 2947 942 3005 iis
966 2948 1039 3023 legis
1054 2944 1229 3006 'actionibus

50 3056 135 3114 qnae
158 3037 188 3094 in
212 3037 276 3094 iure
300 3037 380 3096 ciuili
403 3041 563 3095 uersantur
586 3037 804 3113 quodammodo
827 3040 898 3095 sunt
920 3036 1037 3095 similia.

164 3137 206 3204 V.
242 3137 276 3204 4.
322 3145 421 3203 hunc
457 3142 539 3222 ego]
574 3140 705 3222 scripsi:
739 3163 795 3218 ego
829 3144 908 3202 hunc
932 3137 1015 3203 libri.
1062 3148 1131 3220 ego
1156 3143 1229 3202 anti-

52 3254 146 3310 quam
182 3233 398 3310 longitudinem
431 3234 555 3292 ultimae
589 3233 722 3303 retinuit,
751 3252 827 3308 quae
851 3252 909 3292 non
936 3232 1023 3291 modo
1047 3232 1076 3290 in
1100 3233 1230 3292 carmine

50 3327 119 3380 tam
153 3327 284 3381 remotae
317 3323 487 3390 uetustatis,
511 3323 561 3381 sed
584 3342 620 3380 ne
643 3322 745 3380 Plauti
768 3321 886 3397 quidem
911 3324 1008 3380 aetate
1032 3322 1151 3381 omnino
1175 3321 1225 3382 ob·

54 3411 191 3469 litterata
226 3416 301 3470 erat.
347 3414 403 3487 ego
439 3411 519 3469 Trin.
558 3410 638 3481 25&
675 3411 746 3470 cist.
784 3410 846 3468 577
896 3405 941 3485 U;
975 3411 1067 3470 Stich.
1104 3410 1138 3481 1;
1162 3410 1228 3470 (las.

57 3499 122 3558 733
164 3495 209 3575 U7·
242 3499 304 3558 Mil.
344 3499 444 3570 1379;
480 3500 586 3560 Pseud.
624 3501 703 3573 338;
734 3500 843 3576 Amph.
870 3499 942 3569 519,
969 3499 1048 3570 6013
1072 3500 1128 3576 Ep.
1154 3500 1228 3560 668.

56 3589 132 3647 Dico
156 3594 227 3665 ego
251 3589 305 3647 tibi
329 3588 387 3646 iam
411 3593 447 3647 nt
470 3591 542 3649 scias
567 3584 663 3660 codd,
689 3591 725 3649 ef.
751 3589 849 3648 Luchs
873 3588 959 3647 Stud.
984 3589 998 3647 I
1021 3609 1050 3664 p.
1069 3589 1120 3647 28.
1139 3592 1230 3664 atque

50 3678 147 3736 <etiam
172 3678 327 3738 Terentius
351 3679 472 3736 uidetur
494 3679 643 3737 interdum
668 3699 701 3737 eo
725 3679 823 3737 iambo
845 3697 916 3736 usus
933 3696 1004 3736 esse.
1041 3678 1133 3736 Andr.
1153 3678 1226 3742 258.

52 3766 133 3837 850,
159 3767 222 3824 864
246 3761 419 3825 ὒῑὶαίῑῖίοῑ
441 3768 479 3826 cf.
502 3768 701 3844 Bngelbreoht
724 3767 809 3826 Stud.
834 3767 923 3825 Vind.
948 3787 974 3824 a.
1002 3767 1085 3824 1884
1104 3787 1134 3843 p.
1153 3767 1227 3826 234.

60 3890 97 3898 -
135 3871 167 3914 u.
200 3853 222 3913 3
243 3859 407 3933 poplum,
432 3872 463 3914 u.
489 3853 509 3914 4
531 3856 657 3930 heice]
681 3853 810 3935 scripsi:
831 3857 986 3933 populum,
1010 3856 1058 3914 hic
1080 3850 1162 3913 libri.
1191 3891 1225 3899 —

55 3960 88 4002 u.
125 3940 147 4001 3
181 3945 239 4019 die
263 3944 478 4022 Diespiter]
502 3943 615 4024 scripsi
637 3941 867 4004 oliiticrctionis
890 3961 1004 4002 causo:
1027 3945 1072 4002 die
1094 3944 1230 4020 Iuppiter

54 4027 141 4108 libri.
178 4035 257 4110 quod
292 4035 413 4094 retineri
446 4038 545 4111 potest
579 4037 663 4094 saluo
697 4039 802 4094 metro.
849 4035 920 4092 item
952 4033 1030 4091 Fest.
1054 4053 1084 4108 p.
1113 4032 1229 4092 115.4

53 4114 104 4180 M
132 4141 156 4181 s
191 4143 223 4182 u.
258 4124 441 4200 Lapidem
477 4123 622 4183 silicem
656 4142 715 4182 non
738 4123 931 4199 Dispiter,
956 4123 1006 4180 sed
1031 4121 1230 4197 Diespiter

54 4212 232 4288 legendum3
269 4214 306 4272 cl'.
344 4212 410 4271 Liu.
447 4212 543 4270 XXII.
581 4216 631 4271 53.
671 4213 720 4271 11.
766 4213 897 4288 itemque
934 4211 1030 4270 Varro
1060 4209 1111 4268 LL
1136 4210 1162 4266 V
1188 4213 1228 4270 66

51 4300 276 4376 ”Diespiter
299 4295 449 4377 (Laetum
473 4302 603 4377 Dispiter
627 4296 682 4377 F),
707 4302 737 4360 id
761 4306 805 4360 est
828 4302 915 4360 Dies
938 4302 1082 4377 pater”.

1106 4418 1121 4470 3
