2910 4778
663 340 786 390 SORTES.

164 504 188 557 6.
364 493 501 566 Laetus
529 493 662 567 lubens
691 493 814 588 petito
843 494 942 588 quod

360 618 527 690 dabitdr:
557 617 737 724 gaudebis
765 618 926 713 semper.

359 776 497 850 Prolem
525 777 658 850 dolrem
685 781 783 850 olero'
808 777 906 872 ferdt

357 925 452 995 quae
480 904 571 975 ante
598 901 738 975 sterilis
766 893 851 975 fdit.

146 1073 160 1092 ³
189 1113 195 1126 .
254 1119 580 1138 ,,,,,,,,,
611 1088 696 1161 uni·
730 1064 925 1137 reddedit·
959 1059 1185 1161 quillis·

190 1240 196 1252 ·
252 1244 540 1264 ········
569 1184 583 1273 l
612 1190 727 1284 nlmi-
762 1183 1164 1284 exsuffletur

189 1364 195 1376 .
253 1369 261 1384 .
299 1369 307 1384 .
339 1369 347 1385 .
379 1370 387 1385 .
419 1369 427 1386 .
458 1371 466 1386 .
498 1370 505 1385 .
535 1313 780 1408 e'ffogiesque·
815 1337 920 1386 eam·
953 1335 1061 1408 semp
1077 1310 1093 1409 χ’
1107 1312 1124 1409 ,l
1139 1312 1155 1404 l
1169 1311 1234 1410 sl·

363 1474 458 1564 eroe
485 1474 583 1547 nuno
611 1473 800 1547 eonsdltas
829 1473 1013 1568 quje'scas3

296 1676 302 1687 ,
356 1623 458 1695 quem
486 1600 589 1693 odiue
616 1599 774 1694 ueriarr's
801 1599 893 1671 aide.

145 1893 208 1953 CIL
232 1893 247 1952 I
273 1893 367 1952 1051.
394 1923 433 1933 -
458 1893 539 1952 Haeo
562 1893 655 1969 igitur
677 1893 798 1951 uidetur
814 1911 875 1951 esse
891 1893 1053 1952 sententia:
1074 1893 1177 1953 ’Redit
1191 1895 1222 1954 id
1238 1896 1312 1971 quod

144 1983 291 2059 corrigere
325 1983 436 2051 studes
472 2002 538 2040 cum
574 1983 693 2041 tandem
716 1981 877 2050 correxisti,
903 1982 999 2041 denuo
1023 1986 1133 2041 natura
1158 2003 1213 2043 sua
1236 1986 1315 2045 lenta.

144 2072 304 2131 identidem
327 2072 357 2129 in
379 2072 537 2147 pristinum
561 2075 740 2130 ouruorem’.
788 2070 978 2146 ’corrigis:
1003 2071 1130 2142 redir’,
1155 2073 1187 2131 id
1203 2082 1264 2133 est:
1282 2074 1313 2133 ’si

142 2161 306 2225 correxisti,
330 2161 428 2219 redit'.
475 2161 577 2220 eodem
600 2160 687 2218 modo
711 2159 883 2218 Terentius:
910 2163 1021 2236 ’'negat
1044 2160 1129 2235 quis:
1153 2181 1241 2239 nego,
1258 2163 1312 2221 eit:

144 2251 223 2309 aio”.
271 2248 342 2308 dicit
375 2249 452 2307 idem
476 2250 556 2324 quod
579 2251 651 2307 haee
673 2267 736 2308 sors
760 2248 824 2308 aliis
847 2248 947 2307 uerbis
970 2248 1133 2308 Horatius:
1154 2255 1310 2310 ”naturam

143 2339 228 2398 furca
262 2340 533 2414 expellendarum
567 2357 661 2413 usque
693 2340 860 2401 recurret''.
906 2341 936 2396 et
959 2342 1003 2396 est
1025 2357 1171 2415 graecum
1193 2360 1314 2437 prouer-

142 2428 224 2487 bium
260 2417 357 2485 Ξὺλον
392 2419 522 2500 &rarior
547 2415 681 2483 οὐδέποτ’
707 2418 799 2503 ὀρθόν
822 2427 871 2485 uel
896 2417 1038 2503 Σκαμβὸν
1062 2420 1154 2493 ditor
1177 2422 1310 2486 eodenor’

143 2507 245 2594 ὀρθόν.
271 2547 311 2556 ——
336 2516 513 2575 Ritsohelius
536 2535 591 2592 pro
613 2516 725 2574 tradito
747 2515 880 2573 REDET
903 2516 1033 2574 scribens
1056 2518 1214 2576 ’'erede’'
1231 2520 1315 2577 hexa-

142 2610 271 2664 metrum
304 2606 516 2681 spondaizonta
550 2605 634 2663 finxit
668 2605 836 2680 pessimum.
874 2639 907 2647 -
937 2604 1096 2681 Disoriptio
1119 2606 1205 2666 tituli
1228 2608 1311 2666 haee:

144 2694 460 2764 OONRIGI—QVOD
499 2686 501 2757 l
539 2693 892 2752 clavom-auore.
930 2691 1095 2752 Curuom
1119 2689 1310 2760 herbarius.

144 2786 277 2844 o'urum
300 2777 477 2842 Suaresius.
1071 2818 1074 2822 -

249 2868 282 2934 6.
330 2871 392 2931 CIL
417 2872 431 2931 I
457 2872 551 2930 1448.
597 2870 774 2931 Ritsohelius
799 2891 847 2947 op.
871 2870 914 2928 IV
939 2873 1002 2930 429
1028 2873 1125 2930 deleto
1151 2872 1260 2943 QVOD
1276 2875 1313 2932 fe-

143 2964 183 3021 eit
205 2964 419 3021 hexametrum.
466 2961 674 3020 Oolometriarn
698 2961 887 3036 inscriptione
911 2961 1052 3018 traditam
1076 2963 1208 3021 seruaui.
1249 2962 1251 2967 ’

249 3046 271 3112 '7
297 3055 327 3109 et
349 3045 383 3111 8.
431 3052 465 3108 ln
488 3069 589 3108 museo
613 3050 782 3119 Parmensi3
808 3050 867 3108 duo
891 3049 986 3107 taxilli
1010 3050 1089 3107 aerei
1112 3058 1144 3109 et
1168 3053 1313 3127 quadran·

141 3140 206 3216 guli
240 3144 269 3199 et
303 3139 422 3216 oblongi
447 3139 585 3214 descripti
609 3139 645 3196 ab
671 3139 816 3197 Dresselio
841 3132 996 3196 ’bordeti-iro
1019 3134 1090 3196 dell’
1116 3135 1259 3199 instituto
1279 3135 1312 3198 di

142 3245 221 3288 corr.
257 3223 353 3288 urolt!
392 3228 474 3287 1883
511 3248 541 3305 p.
572 3227 754 3286 100402.
803 3227 1014 3304 Supplementa
1038 3246 1093 3304 ego
1118 3229 1236 3300 addidi;
1261 3229 1310 3288 nisi

142 3319 223 3394 quod
257 3318 420 3376 Dresselius
457 3337 471 3376 e
505 3316 639 3393 uestigiis
670 3317 838 3374 litterarum
862 3315 994 3375 euenidis
1019 3316 1222 3376 coniecturam
1246 3318 1313 3376 feeit

141 3408 269 3484 primum
293 3407 380 3465 sortis
405 3407 443 3464 8a
466 3408 592 3465 uerbum
618 3405 705 3464 luisse
729 3421 816 3483 qliae.
851 3405 934 3464 lineis
950 3405 1078 3480 obliquis
1094 3405 1254 3482 signantur
1268 3407 1324 3465 lit·

141 3502 221 3556 terae
256 3515 357 3555 exesae
392 3497 542 3573 aerugine,
577 3493 695 3571 punctis
731 3498 830 3552 autem
853 3513 921 3570 pars
944 3494 1061 3570 perdite
1084 3495 1168 3570 prior
1193 3496 1307 3555 alterius

140 3585 236 3644 taxilli
260 3584 399 3659 (la-d).
424 3589 550 3660 uterque
574 3585 650 3642 enim
674 3584 795 3642 taxillus
818 3587 926 3659 ruptus
950 3586 1005 3641 est
1052 3584 1178 3643 alterius
1194 3588 1306 3644 tantum

140 3674 288 3751 posterior
309 3693 378 3751 pars
402 3678 507 3741 exstat,
532 3675 561 3732 in
586 3692 645 3749 quo
667 3677 738 3730 sunt
753 3673 895 3748 reliquiae
914 3672 1038 3730 sortium
1058 3670 1171 3739 7a—d‚
1190 3673 1310 3733 alterius

141 3764 255 3829 ambae,
279 3764 309 3822 in
333 3781 393 3838 quo
418 3763 531 3823 8a—d.
577 3780 705 3836 namque
729 3761 759 3819 in
782 3761 906 3837 singulis
929 3760 1072 3819 lateribus
1088 3761 1234 3838 inscripta
1250 3763 1312 3822 oola

139 3853 210 3911 bina
233 3854 412 3928 copulantur
435 3871 534 3910 uersu.
580 3869 685 3910 uersus
709 3855 807 3909 autem
825 3850 934 3925 singuli
950 3853 1045 3908 sortes
1061 3850 1203 3910 efficiunt.
1244 3871 1309 3910 nam

140 3945 300 4017 quaternas
323 3942 352 3999 in
378 3941 421 3999 his
444 3941 553 3999 taxillis
568 3940 724 4015 inscriptas
741 3958 802 3998 esse
818 3943 911 3998 sortes
928 3958 962 3997 ex
979 3958 1013 3997 eo
1028 3939 1216 4015 intellegitur
1232 3941 1312 4016 quod

139 4050 244 4090 uersus
278 4032 355 4090 inter
386 4049 416 4089 se
438 4031 585 4089 sententia
608 4048 666 4087 non
690 4029 858 4088 cohaerent.
905 4048 993 4102 quam
1018 4028 1055 4086 ob
1079 4047 1142 4086 rem
1168 4048 1236 4088 oum
1260 4029 1308 4105 qui

139 4121 259 4179 taxillus
289 4123 353 4178 erat
377 4140 394 4177 a
416 4123 486 4177 uate
510 4119 614 4180 iaetus.
639 4119 718 4193 quod
739 4118 875 4193 superius
899 4135 969 4175 oasu
992 4117 1105 4175 factum
1129 4123 1196 4178 erat
1218 4119 1306 4181 latus

139 4208 207 4268 inde
241 4210 365 4268 fortasse
398 4226 571 4284 responsum
606 4207 789 4266 sumebatur.
836 4208 873 4265 cl'.
909 4206 998 4264 sobol.
1024 4206 1062 4264 ad
1085 4205 1154 4267 qu.
1179 4207 1223 4266 VI
1248 4207 1309 4266 582

41 4306 44 4315 “
138 4297 304 4374 l’bpatium
338 4297 479 4356 lustrabit
518 4322 551 4340 *-
597 4331 629 4340 -
660 4300 690 4355 et
711 4298 806 4356 sortes
830 4287 972 4369 duoet”):
1001 4294 1081 4370 ’quia
1105 4295 1309 4367 circulatores,
