2910 4778
139 317 219 364 LXIV
622 316 790 364 morasus
810 317 830 363 1.

247 487 367 553 Versus
384 487 505 571 primus
521 489 566 552 sic
584 489 721 572 scriptus
735 494 783 552 cst
794 493 830 552 ut
842 490 874 552 in
887 489 978 553 libris
991 493 1106 569 exstat,
1119 493 1256 573 practer
1267 512 1319 554 ex·

140 608 277 668 tremum
295 604 438 678 uerbum,
455 604 538 688 qnod
555 609 642 668 certa
658 605 878 669 emendatione
895 605 932 667 fit
948 604 1160 669 homonem
1175 606 1231 669 uel
1247 605 1318 670 hu·

141 742 294 784 monem
311 742 347 784 ex
364 741 401 783 eo
417 720 500 802 quod
515 721 668 785 traditum
685 726 732 784 est
749 720 972 784 humanum.
1009 743 1119 785 uersus
1135 723 1256 786 tertius
1271 723 1318 786 in·

144 837 260 900 certior
285 839 333 899 est
349 836 388 899 ad
405 837 629 914 scandendum,
647 837 767 921 quippe
784 836 838 920 qui
855 836 888 898 in
904 836 987 900 libr‘o
1005 837 1055 901 Fa
1070 838 1112 900 sit
1129 840 1253 902 curtus.
1288 843 1317 902 ct

141 952 225 1035 quod
238 952 394 1034 temptaui
409 952 676 1036 supplementum,
694 952 725 1015 id
744 952 841 1015 etiam
857 956 931 1016 ante
947 952 1026 1015 illud
1045 955 1181 1036 'topper'
1199 976 1316 1037 ponere

140 1068 226 1144 licet,
251 1067 339 1131 uelut
363 1075 463 1130 tornea
480 1071 631 1152 topper
647 1068 918 1151 confringent
935 1104 974 1112 -
995 1105 1047 1131 -.
1080 1069 1249 1152 discriptio
1265 1092 1316 1133 au·

139 1186 205 1246 tem
223 1205 372 1247 uersuum
388 1206 451 1247 non
468 1184 563 1248 facile
580 1185 675 1248 aliter
687 1184 756 1247 fieri
770 1189 876 1267 potest
889 1188 983 1268 atque
996 1183 1049 1246 hic
1061 1184 1148 1247 facta
1161 1188 1221 1248 est.
1246 1207 1315 1249 nam

145 1299 246 1363 oratio
262 1299 488 1363 Leodamantis
506 1336 546 1345 -
564 1301 647 1385 quod
661 1301 888 1364 animaduertit
899 1299 1036 1363 Bartsch
1049 1300 1088 1363 de
1100 1302 1159 1362 sat.
1174 1322 1207 1383 p.
1222 1303 1264 1364 22
1278 1337 1313 1345 -

147 1415 345 1479 concluditur
372 1415 422 1479 bis
446 1415 553 1480 uerbis
577 1437 746 1499 namque
772 1452 812 1460 —
837 1416 978 1494 undae,
1003 1415 1118 1499 quibus
1141 1416 1315 1479 redduntur

143 1532 243 1595 uerba
268 1530 398 1595 Homeri
422 1532 445 1592 θ
464 1533 535 1610 1381
555 1534 628 1596 139.
661 1532 865 1615 quamobrem
884 1531 1126 1594 existimandum
1144 1533 1194 1594 est
1211 1532 1313 1596 uerbis

141 1646 192 1709 im
201 1670 220 1729 p
230 1652 401 1711 ortunae
414 1648 542 1711 undae
556 1647 711 1711 contineri
725 1651 757 1710 et
769 1647 920 1711 orationis
933 1651 965 1710 et
977 1668 1088 1710 uersus
1101 1647 1233 1727 exitum,
1248 1669 1314 1710 cum

143 1762 229 1844 apud
246 1762 420 1826 Homerum
437 1764 543 1846 ipsum
558 1764 659 1826 oratio
676 1763 731 1826 illa
744 1763 870 1847 integro
883 1785 978 1826 uersu
991 1762 1209 1826 concludatur.
1235 1763 1315 1846 quod

145 1877 171 1940 si
188 1878 233 1941 ita
250 1882 308 1957 est,
326 1900 435 1942 uersus
452 1901 514 1942 non
526 1882 658 1961 possuut
670 1878 800 1944 discribi
814 1879 908 1942 aliter
920 1883 1015 1962 atque
1028 1879 1061 1941 in
1074 1878 1159 1942 hunc
1172 1881 1315 1943 modum:

142 2016 312 2076 namque
337 2030 377 2038 -
402 1993 608 2059 homonem
626 1995 822 2078 {lquamde
841 2032 880 2039 —
898 1993 1261 2079 magnaelltopper
1282 2035 1313 2044 -

142 2110 281 2173 undae.
314 2132 395 2193 quae
414 2111 578 2194 discriptio
595 2133 658 2175 non
674 2112 767 2175 modo
784 2111 929 2176 uersibus
943 2111 1139 2194 ambituque,
1152 2112 1210 2174 sed
1224 2112 1316 2175 etiem

141 2225 219 2288 colis
244 2247 316 2288 cum
339 2226 498 2289 sententia
522 2228 659 2290 maxime
684 2227 840 2312 congruit.
888 2248 964 2310 ergo
988 2229 1110 2290 certum
1134 2228 1315 2310 exemplum

141 2341 277 2404 saturnii
301 2343 447 2405 auacrusi
471 2342 608 2406 carentis
633 2345 681 2405 est
704 2364 814 2405 uersus
838 2342 976 2425 primus:
1002 2343 1172 2425 namque
1191 2379 1234 2388 —
1250 2343 1317 2407 ho·

143 2458 304 2521 monem.
351 2458 435 2542 quod
465 2459 511 2521 ita
545 2480 578 2521 se
613 2457 732 2522 habere
756 2459 986 2541 quodammodo
1010 2457 1201 2522 confirmant
1224 2459 1316 2523 inuiti

145 2574 348 2658 grammatici
364 2573 412 2636 illi
427 2576 502 2652 tres,
520 2574 634 2657 quibus
647 2573 725 2636 nulli
739 2578 864 2637 exstant
877 2579 1020 2638 auctores
1033 2574 1207 2658 grauiores,
1221 2597 1315 2658 quos·

145 2711 206 2772 que
231 2690 271 2753 ad
296 2688 564 2772 comparationem
588 2689 673 2753 soleo
690 2689 852 2769 adhibere,
871 2691 1068 2765 confirmant,
1085 2690 1228 2773 inquam,
1245 2713 1316 2754 curn

141 2805 188 2868 ita
204 2807 374 2869 scandunt:
392 2804 552 2868 Havetus:
571 2803 741 2888 ’'namquri
758 2804 928 2886 ni[lri]lum
944 2805 1034 2888 peius
1051 2806 1193 2868 mricera't
1204 2805 1316 2870 homd-

142 2924 253 2998 nem'';
278 2921 355 2985 Luc.
380 2920 533 2984 Mueller:
560 2922 731 3004 '’namque'
755 2920 968 3003 n[ccb]1'lum
991 2922 1082 3005 peius
1108 2957 1148 2965 —
1173 2944 1216 2986 m.
1240 2921 1315 2999 h.”;

144 3036 322 3101 Baehrens:
350 3040 519 3120 ”namque
544 3036 666 3100 nulldm
690 3036 781 3119 *plus
804 3036 951 3120 [corpus]
977 3073 1017 3081 -
1043 3060 1083 3100 m.
1106 3036 1314 3103 humanum”.

143 3195 246 3262 Nacu.
272 3201 291 3262 2
316 3199 333 3237 *
356 3201 568 3283 postquam
593 3221 687 3262 aues
712 3199 880 3281 aspexit
921 3201 955 3261 1'n
979 3198 1120 3281 templod
1143 3199 1266 3264 Ancisa

357 3336 447 3377 sacra
470 3318 504 3377 1'n
527 3317 637 3378 mensa
660 3315 834 3398 penatium,
859 3313 968 3376 ordine
992 3318 1170 3397 ponuntur;

315 3429 564 3493 *uictimam
587 3430 824 3493 immolabat
870 3431 998 3492 auream
1023 3430 1177 3513 pulcram.

251 3588 320 3655 Nec
363 3613 472 3654 uersus
516 3591 646 3655 discribi
688 3595 820 3673 possunt
863 3589 966 3670 aliter,
1005 3612 1108 3674 neque
1147 3592 1318 3676 quisquam

141 3708 256 3785 editor,
295 3708 377 3790 quod
417 3707 525 3787 sciam,
565 3706 659 3770 aliter
697 3707 867 3788 discripsit.
916 3708 948 3768 ct
982 3729 1092 3769 uersus
1127 3708 1249 3789 primus
1287 3714 1319 3774 et

146 3824 259 3887 tertius
298 3824 342 3886 sic
381 3824 492 3887 traditi
530 3827 604 3886 sunt
641 3829 676 3885 ut
716 3823 860 3885 anacrusi
901 3827 1047 3900 careant;
1083 3846 1157 3886 nam
1192 3822 1318 3907 primus

144 3961 254 4003 uersus
289 3940 435 4002 anacrusi
471 3940 601 4014 carebit,
638 3938 705 4001 siue
733 3938 850 4022 legeris
874 3939 1091 4020 postquam
1116 3961 1228 4003 auem
1252 3942 1319 4005 ais-

143 4055 272 4138 pexit‚
297 4055 363 4117 siue
381 4054 479 4117 Keilii
494 4076 569 4117 usus
586 4054 775 4133 coniectura,
794 4053 1012 4138 Postquam
1030 4056 1124 4118 aue's
1141 4057 1318 4138 aspexit.

146 4171 322 4254 tertiusque
349 4171 417 4234 siue
441 4171 576 4252 scriptus
602 4170 662 4232 erit
686 4192 723 4233 eo
747 4172 916 4234 uerborum
941 4171 1050 4234 ordine
1074 4171 1129 4255 qui
1153 4174 1202 4234 est
1225 4171 1319 4238 libris

141 4287 297 4350 traditus:
333 4286 567 4350 immolabat
602 4283 767 4351 auream,
791 4286 999 4351 uictimam
1022 4287 1223 4368 pulcram,
1247 4289 1318 4353 siue
