2910 4778
237 309 375 356 CLXXXII
687 310 732 357 DE
751 310 957 371 SEHTEXI'HS.

237 481 357 545 tentiae
391 481 560 565 populares
596 504 651 546 eae
687 504 768 566 quae
803 505 822 546 a
856 482 947 547 libris
980 484 1151 565 poetarum
1173 504 1244 547 non
1266 481 1405 546 uidentur

237 597 373 680 primam
397 599 555 682 originem
579 598 716 662 duxisse.

343 713 441 799 Erga,
476 714 625 798 quoniam
660 713 700 777 ad
734 713 816 778 hanc
850 735 919 777 rem
951 713 1125 796 prouerbio
1160 717 1197 777 et
1227 714 1360 797 antiqua
1380 716 1407 776 et

237 851 315 893 uera
349 833 381 893 et
411 833 498 894 certa
522 829 736 912 conquirenda
758 832 842 907 sunt,
866 829 893 892 si
917 829 1019 894 nullos
1056 829 1198 893 adissem
1223 829 1331 895 fontes
1353 830 1407 894 nisi

237 966 291 1009 eos
315 967 392 1028 quos
412 946 588 1029 aperuisset
618 945 774 1009 industria
790 945 915 1008 Erasini
932 942 1068 1009 Schottii
1084 943 1265 1011 Gaisfordii
1283 944 1407 1011 Schnei-

237 1061 366 1128 dewinii
400 1059 575 1140 Lentschii,
606 1061 735 1145 negotio
758 1065 905 1144 suscepto
928 1083 990 1125 non
1013 1061 1191 1144 potuissem
1216 1061 1406 1139 satisfacere,

236 1177 424 1259 praesertim
459 1199 532 1240 cum
555 1177 693 1262 cognitio
716 1175 1076 1260 paroemiographorum
1099 1175 1160 1241 hoc
1185 1179 1336 1260 tempore
1358 1200 1407 1262 po·

236 1291 298 1356 sita
332 1296 416 1357 esset
448 1293 481 1356 in
515 1315 598 1357 nouo
620 1293 837 1357 fundamento.
885 1315 994 1356 uerum
1018 1296 1126 1356 tamen
1149 1314 1219 1357 non
1241 1293 1340 1358 modo
1361 1315 1407 1357 co·

237 1408 322 1472 dices
345 1409 467 1492 primae
492 1409 602 1472 classis
626 1409 680 1472 sed
705 1409 802 1472 etiam
826 1408 975 1494 uulgatos
1003 1408 1042 1472 ad
1066 1429 1139 1472 eam
1162 1378 1234 1474 rem
1268 1408 1407 1473 adhiberi

236 1527 270 1588 et
303 1546 431 1588 neccsse
467 1530 515 1588 est
550 1528 581 1587 et
615 1525 822 1589 fructuosum.
869 1528 942 1589 sunt
977 1523 1072 1604 enim,
1100 1524 1186 1608 quod
1211 1524 1283 1588 iure
1308 1503 1406 1589 monet

195 1725 198 1734 Ι
236 1638 439 1724 Iungblutius
474 1643 596 1724 quaest.
632 1641 670 1704 de
701 1639 840 1704 Zenobio
864 1663 894 1723 p.
922 1642 972 1716 12,
997 1640 1170 1723 prouerbia
1194 1639 1360 1723 permulta
1380 1644 1406 1703 et

235 1757 367 1839 antiqua
391 1760 423 1820 et
450 1758 542 1836 bona,
566 1778 647 1839 quae
670 1756 729 1820 soli
753 1757 876 1821 codices
900 1755 1084 1839 interpolati
1108 1760 1252 1821 seruent.

341 1870 439 1956 siglis
473 1873 633 1955 plerisque
663 1875 736 1936 utor
758 1872 870 1936 iisdem
895 1875 989 1955 atque
1014 1870 1091 1936 Otto
1115 1870 1250 1936 (husius
1276 1873 1312 1936 in
1333 1872 1404 1937 libro

235 1989 273 2050 de
297 2010 386 2071 prou.
411 1986 619 2051 Alexandrin.
644 1988 698 2093 qui
723 1987 840 2071 Lipsiis
865 1988 950 2052 1887
976 1987 1079 2052 editus
1103 1991 1162 2053 est.

628 2251 653 2309 Ι.
701 2246 825 2309 Codices
845 2247 1004 2330 prirnorii.

340 2413 369 2470 A
382 2435 422 2458 =
436 2412 563 2471 Athous.
587 2412 649 2470 eius
673 2412 860 2470 collationem
883 2412 996 2487 primus
1020 2412 1066 2470 ed.
1091 2412 1227 2470 Millerns
1252 2412 1283 2471 in
1300 2413 1398 2471 miscel-

232 2503 325 2560 laneis
359 2502 473 2578 graecis
509 2501 628 2560 Parisiis
660 2501 742 2558 1868
766 2521 798 2576 p.
823 2502 1009 2559 349-384.
1056 2502 1182 2559 alteram
1208 2502 1255 2560 sd.
1282 2501 1399 2561 Oohnius

111 2597 114 2604 '
232 2610 301 2649 nou.
327 2611 396 2648 ann.
421 2589 574 2649 CXXXIII
600 2590 662 2648 840
687 2609 752 2665 sqq.

252 2665 261 2683 ⁸
339 2679 652 2737 L=Laurentianus
686 2679 795 2736 LXXX
821 2679 872 2736 13.
908 2679 971 2737 eius
1005 2681 1105 2754 partes
1140 2678 1182 2748 Il,
1219 2679 1277 2737 IV.
1301 2679 1337 2749 V,
1361 2677 1399 2736 lll

233 2768 325 2827 edidit
359 2769 556 2844 Jungblutius
591 2788 629 2825 m.
666 2768 710 2825 rh.
747 2767 905 2825 XXXVIII
942 2768 1127 2825 402-420.
1174 2768 1273 2844 partis
1309 2771 1398 2826 autem

233 2857 294 2915 I:ae
314 2863 382 2933 post
407 2857 627 2916 Gronouianam
650 2857 771 2915 tandem
793 2857 935 2914 habemus
959 2856 1146 2915 collationem
1171 2875 1294 2919 nouam.
1318 2876 1398 2932 quarn

232 2946 279 3004 cd.
314 2947 364 3005 Fr.
399 2946 561 3005 Schoellius
595 2946 624 3003 in
659 2939 859 3020 ’Festschrift
891 2961 932 3002 zu
960 2939 1057 3024 Beqr.
1083 2940 1113 3004 d.
1137 2939 1303 3004 XXXVI
1322 2939 1397 3003 Phil.

234 3031 322 3093 *ceros
347 3035 428 3093 Frib.
453 3035 561 3109 Brisig.
589 3034 685 3093 1882.

339 3119 380 3181 L2
393 3146 434 3170 =
447 3123 665 3182 Laurentianus
689 3122 790 3180 LVIII
815 3123 867 3180 24.
914 3123 1072 3198 prouerbio
1107 3122 1170 3181 eius
1203 3124 1251 3181 ed.
1277 3122 1397 3183 Oohnius

234 3211 397 3271 Comment.
421 3214 493 3287 phil.
519 3213 640 3270 Vratisl.
665 3212 695 3270 ΙΙ
713 3213 730 3267 2
760 3211 841 3268 1887
866 3231 896 3286 p.
912 3211 1051 3271 27--44.
1070 3243 1112 3250 —
1136 3211 1160 3269 P
1176 3235 1217 3258 =
1232 3213 1397 3277 Palatinum

235 3301 270 3357 de
294 3320 354 3375 quo
377 3321 407 3358 u.
433 3301 558 3360 Treuius
582 3301 653 3376 phil.
677 3303 739 3358 uol.
763 3300 876 3358 XLVII
899 3321 928 3375 p.
956 3300 1017 3358 193
1042 3320 1087 3375 sq.
1112 3305 1142 3359 et
1166 3300 1318 3360 OOrusins
1335 3301 1397 3358 ibid.

236 3389 298 3445 202
323 3409 367 3465 sq.
414 3389 555 3449 Codicum
579 3389 632 3447 AL
657 3390 842 3448 collectiones
867 3390 921 3447 hac
937 3389 1113 3464 cognatione
1129 3390 1310 3449 coniunctae
1326 3394 1397 3450 sunt.

235 3477 1070 3554 AI=LIV=archetypiI;AII=LV=a1·ch.
1089 3477 1135 3549 II;
1164 3470 1267 3549 AlII,
1286 3479 1399 3539 cnicol·

233 3567 352 3625 lectioni
370 3568 399 3624 in
423 3567 625 3626 Laurentiano
648 3567 802 3625 Plutarchi
826 3586 931 3625 nomen
955 3569 1030 3626 falso
1053 3568 1261 3643 subscriptum
1285 3576 1340 3636 est,
1364 3589 1399 3614 =

234 3655 340 3712 LI=
355 3657 465 3713 archet.
489 3656 544 3713 Ill.
581 3661 611 3714 et
633 3658 688 3714 hae
713 3656 832 3730 quidem
855 3661 915 3714 tres
939 3656 1125 3714 collectiones
1142 3657 1300 3716 continent
1317 3657 1399 3716 Zeno

234 3744 275 3801 bii
298 3745 385 3802 ualde
408 3748 578 3804 truncatam
603 3746 750 3820 epitomen
774 3747 828 3798 τῶν
843 3733 997 3820 Ταῤῥαίου
1009 3741 1063 3800 καὶ
1076 3736 1210 3822 Διδὸμοο
1227 3749 1400 3824 παροιμιῶν.

235 3833 283 3890 cui
317 3834 347 3890 in
371 3834 531 3908 archetypo
555 3834 713 3891 accedebat
736 3834 870 3892 collectio
895 3838 1003 3908 quarta
1026 3835 1258 3909 prouerbiorum
1283 3835 1401 3893 Alexan·

236 3922 397 3991 drinorum,
427 3922 507 3996 quod
529 3922 605 3979 uidit
629 3920 749 3980 Crusius
774 3922 924 3996 ediditque
947 3924 1107 3996 prouerbio
1124 3927 1254 3998 quartae
1279 3918 1402 3984 collecti-

235 4011 298 4069 onis
333 4012 387 4068 sub
422 4010 575 4068 Plutarchi
610 4011 726 4069 nomine
761 4010 795 4069 L.
827 4010 920 4068 1887.
968 4011 1073 4086 quinta
1098 4013 1226 4087 denique
1252 4012 1402 4088 archetypi

237 4100 380 4168 collectio,
405 4100 488 4157 cuius
511 4100 640 4156 frustula
663 4103 831 4174 supersunt,
856 4099 977 4158 uidetur
996 4104 1065 4175 post
1080 4101 1207 4159 Luciani
1223 4107 1357 4161 aetatem
1371 4102 1404 4160 ab

235 4189 336 4262 aliquo
352 4188 482 4263 sophista
500 4188 626 4246 conflata
642 4207 713 4246 esse:
738 4182 819 4246 oth.4
832 4211 873 4234 =
886 4190 913 4245 A
926 4189 986 4259 IV;
1011 4191 1021 4246 l
1036 4212 1076 4237 =
1090 4190 1114 4246 L
1132 4190 1194 4260 III;
1219 4185 1250 4247 12
1264 4215 1307 4238 =
1320 4186 1404 4253 nh:

235 4295 310 4352 quas
334 4277 520 4335 collectiones
544 4276 715 4334 minusculis
738 4277 845 4335 litteris
867 4278 931 4336 ideo
947 4278 1063 4353 signaui
1081 4280 1162 4354 quod
1178 4284 1291 4354 quarta
1308 4281 1405 4349 Athoi,
