<?xml version="1.0" encoding="UTF-8"?>
<!DOCTYPE html PUBLIC "-//W3C//DTD XHTML 1.0 Transitional//EN"
    "http://www.w3.org/TR/xhtml1/DTD/xhtml1-transitional.dtd">
<html xmlns="http://www.w3.org/1999/xhtml" xml:lang="en" lang="en">
 <head>
  <title>
</title>
<meta http-equiv="Content-Type" content="text/html;charset=utf-8" />
  <meta name='ocr-system' content='tesseract 3.04.00' />
  <meta name='ocr-capabilities' content='ocr_page ocr_carea ocr_par ocr_line ocrx_word'/>
</head>
<body>
  <div class='ocr_page' id='page_1' title='image "./versvsitalician00zandgoog_0049.png"; bbox 0 0 2910 4778; ppageno 0'>
   <div class='ocr_carea' id='block_1_1' title="bbox 240 309 904 357">
    <p class='ocr_par' dir='ltr' id='par_1_1' title="bbox 240 309 904 357">
     <span class='ocr_line' id='line_1_1' title="bbox 240 309 904 357; baseline 0 -1"><span class='ocrx_word' id='word_1_1' title='bbox 240 309 344 357; x_wconf 78' lang='lat' dir='ltr'><strong>xxxvl</strong></span> <span class='ocrx_word' id='word_1_2' title='bbox 746 310 792 356; x_wconf 82' lang='lat' dir='ltr'>DE</span> <span class='ocrx_word' id='word_1_3' title='bbox 810 310 904 356; x_wconf 74' lang='lat' dir='ltr'>ms,</span> 
     </span>
    </p>
   </div>
   <div class='ocr_carea' id='block_1_2' title="bbox 194 481 1447 3113">
    <p class='ocr_par' dir='ltr' id='par_1_2' title="bbox 194 481 1447 3113">
     <span class='ocr_line' id='line_1_2' title="bbox 344 481 1400 568; baseline -0.001 -20"><span class='ocrx_word' id='word_1_4' title='bbox 344 481 391 549; x_wconf 85' lang='lat' dir='ltr'>Ut</span> <span class='ocrx_word' id='word_1_5' title='bbox 425 483 594 547; x_wconf 89' lang='lat' dir='ltr'>ultimus</span> <span class='ocrx_word' id='word_1_6' title='bbox 627 483 713 546; x_wconf 91' lang='lat' dir='ltr'>euim</span> <span class='ocrx_word' id='word_1_7' title='bbox 739 483 865 546; x_wconf 87' lang='lat' dir='ltr'>iambus</span> <span class='ocrx_word' id='word_1_8' title='bbox 888 487 972 546; x_wconf 86' lang='lat' dir='ltr'>essct</span> <span class='ocrx_word' id='word_1_9' title='bbox 994 504 1116 566; x_wconf 91' lang='lat' dir='ltr'>purus</span> <span class='ocrx_word' id='word_1_10' title='bbox 1140 483 1189 547; x_wconf 88' lang='lat' dir='ltr'>lex</span> <span class='ocrx_word' id='word_1_11' title='bbox 1214 484 1279 546; x_wconf 86' lang='lat' dir='ltr'>fuit</span> <span class='ocrx_word' id='word_1_12' title='bbox 1300 484 1333 547; x_wconf 91' lang='lat' dir='ltr'>in</span> <span class='ocrx_word' id='word_1_13' title='bbox 1353 506 1400 568; x_wconf 76' lang='lat' dir='ltr'>pa-</span> 
     </span>
     <span class='ocr_line' id='line_1_3' title="bbox 238 599 1400 683; baseline 0 -19"><span class='ocrx_word' id='word_1_14' title='bbox 238 601 309 664; x_wconf 90' lang='lat' dir='ltr'>triis</span> <span class='ocrx_word' id='word_1_15' title='bbox 331 621 532 664; x_wconf 88' lang='lat' dir='ltr'>romanorum</span> <span class='ocrx_word' id='word_1_16' title='bbox 556 599 751 662; x_wconf 84' lang='lat' dir='ltr'><strong>carminibus</strong></span> <span class='ocrx_word' id='word_1_17' title='bbox 774 620 874 681; x_wconf 84' lang='lat' dir='ltr'>aeque</span> <span class='ocrx_word' id='word_1_18' title='bbox 897 603 994 681; x_wconf 91' lang='lat' dir='ltr'>atque</span> <span class='ocrx_word' id='word_1_19' title='bbox 1016 599 1051 662; x_wconf 90' lang='lat' dir='ltr'>in</span> <span class='ocrx_word' id='word_1_20' title='bbox 1074 599 1287 683; x_wconf 76' lang='lat' dir='ltr'>graecanicis.</span> <span class='ocrx_word' id='word_1_21' title='bbox 1332 621 1400 683; x_wconf 81' lang='lat' dir='ltr'>quae</span> 
     </span>
     <span class='ocr_line' id='line_1_4' title="bbox 238 713 1401 783; baseline 0.002 -4"><span class='ocrx_word' id='word_1_22' title='bbox 238 715 290 779; x_wconf 84' lang='lat' dir='ltr'>lex</span> <span class='ocrx_word' id='word_1_23' title='bbox 326 717 360 779; x_wconf 90' lang='lat' dir='ltr'>in</span> <span class='ocrx_word' id='word_1_24' title='bbox 394 715 490 778; x_wconf 91' lang='lat' dir='ltr'>nullis</span> <span class='ocrx_word' id='word_1_25' title='bbox 525 714 609 776; x_wconf 89' lang='lat' dir='ltr'>ueris</span> <span class='ocrx_word' id='word_1_26' title='bbox 644 736 702 777; x_wconf 89' lang='lat' dir='ltr'>nec</span> <span class='ocrx_word' id='word_1_27' title='bbox 737 715 852 777; x_wconf 84' lang='lat' dir='ltr'><strong>iambis</strong></span> <span class='ocrx_word' id='word_1_28' title='bbox 879 736 938 778; x_wconf 88' lang='lat' dir='ltr'>nec</span> <span class='ocrx_word' id='word_1_29' title='bbox 961 713 1120 778; x_wconf 80' lang='lat' dir='ltr'>trochaeis</span> <span class='ocrx_word' id='word_1_30' title='bbox 1143 715 1297 780; x_wconf 76' lang='lat' dir='ltr'>uiolatus.</span> <span class='ocrx_word' id='word_1_31' title='bbox 1341 738 1401 783; x_wconf 86' lang='lat' dir='ltr'>nam</span> 
     </span>
     <span class='ocr_line' id='line_1_5' title="bbox 239 827 1403 915; baseline -0.001 -20"><span class='ocrx_word' id='word_1_32' title='bbox 239 831 443 914; x_wconf 84' lang='lat' dir='ltr'>anapaestica</span> <span class='ocrx_word' id='word_1_33' title='bbox 476 834 551 893; x_wconf 91' lang='lat' dir='ltr'>sunt</span> <span class='ocrx_word' id='word_1_34' title='bbox 583 827 672 894; x_wconf 87' lang='lat' dir='ltr'>Sent.</span> <span class='ocrx_word' id='word_1_35' title='bbox 709 832 850 907; x_wconf 77' lang='grc'><strong>19-21,</strong></span> <span class='ocrx_word' id='word_1_36' title='bbox 886 831 939 894; x_wconf 85' lang='grc'>62.</span> <span class='ocrx_word' id='word_1_37' title='bbox 977 833 1012 908; x_wconf 88' lang='grc'><strong>1;</strong></span> <span class='ocrx_word' id='word_1_38' title='bbox 1042 831 1219 915; x_wconf 80' lang='lat' dir='ltr'>spondaico</span> <span class='ocrx_word' id='word_1_39' title='bbox 1241 830 1331 896; x_wconf 88' lang='lat' dir='ltr'>Sent.</span> <span class='ocrx_word' id='word_1_40' title='bbox 1354 831 1403 909; x_wconf 64' lang='lat'>363</span> 
     </span>
     <span class='ocr_line' id='line_1_6' title="bbox 238 920 1405 1032; baseline -0.002 -20"><span class='ocrx_word' id='word_1_41' title='bbox 238 946 426 1032; x_wconf 78' lang='lat' dir='ltr'>logaoedica</span> <span class='ocrx_word' id='word_1_42' title='bbox 448 943 535 1009; x_wconf 86' lang='lat' dir='ltr'>Sent.</span> <span class='ocrx_word' id='word_1_43' title='bbox 559 947 601 1009; x_wconf 83' lang='lat'>37</span> <span class='ocrx_word' id='word_1_44' title='bbox 618 951 652 1008; x_wconf 90' lang='lat' dir='ltr'>et</span> <span class='ocrx_word' id='word_1_45' title='bbox 667 946 719 1010; x_wconf 83' lang='lat'>58.</span> <span class='ocrx_word' id='word_1_46' title='bbox 736 948 774 1019; x_wconf 80' lang='lat'>2;</span> <span class='ocrx_word' id='word_1_47' title='bbox 790 946 964 1027; x_wconf 82' lang='lat' dir='ltr'>spondaico</span> <span class='ocrx_word' id='word_1_48' title='bbox 978 945 1129 1029; x_wconf 76' lang='lat' dir='ltr'>rhythmo</span> <span class='ocrx_word' id='word_1_49' title='bbox 1143 920 1233 1010; x_wconf 88' lang='lat' dir='ltr'>Sent.</span> <span class='ocrx_word' id='word_1_50' title='bbox 1252 948 1308 1012; x_wconf 87' lang='grc'>36.</span> <span class='ocrx_word' id='word_1_51' title='bbox 1323 947 1405 1011; x_wconf 84' lang='lat' dir='ltr'>itom-</span> 
     </span>
     <span class='ocr_line' id='line_1_7' title="bbox 239 1059 1406 1147; baseline -0.001 -20"><span class='ocrx_word' id='word_1_52' title='bbox 239 1085 300 1147; x_wconf 91' lang='lat' dir='ltr'>que</span> <span class='ocrx_word' id='word_1_53' title='bbox 336 1062 405 1126; x_wconf 90' lang='lat' dir='ltr'>cola</span> <span class='ocrx_word' id='word_1_54' title='bbox 439 1062 549 1145; x_wconf 89' lang='lat' dir='ltr'>priora</span> <span class='ocrx_word' id='word_1_55' title='bbox 582 1083 689 1125; x_wconf 90' lang='lat' dir='ltr'>eorum</span> <span class='ocrx_word' id='word_1_56' title='bbox 724 1059 945 1125; x_wconf 89' lang='lat' dir='ltr'>Satumiorum</span> <span class='ocrx_word' id='word_1_57' title='bbox 980 1084 1114 1145; x_wconf 91' lang='lat' dir='ltr'>quorum</span> <span class='ocrx_word' id='word_1_58' title='bbox 1138 1063 1346 1128; x_wconf 81' lang='lat' dir='ltr'>diaeresis</span> <span class='ocrx_word' id='word_1_59' title='bbox 1366 1066 1406 1126; x_wconf 85' lang='lat' dir='ltr'>est</span> 
     </span>
     <span class='ocr_line' id='line_1_8' title="bbox 239 1177 1406 1262; baseline -0.002 -19"><span class='ocrx_word' id='word_1_60' title='bbox 239 1184 332 1262; x_wconf 86' lang='lat' dir='ltr'>post</span> <span class='ocrx_word' id='word_1_61' title='bbox 364 1178 531 1242; x_wconf 78' lang='lat' dir='ltr'>tertiam</span> <span class='ocrx_word' id='word_1_62' title='bbox 567 1178 679 1241; x_wconf 90' lang='lat' dir='ltr'>arsin</span> <span class='ocrx_word' id='word_1_63' title='bbox 714 1177 748 1241; x_wconf 92' lang='lat' dir='ltr'>in</span> <span class='ocrx_word' id='word_1_64' title='bbox 782 1199 897 1261; x_wconf 92' lang='lat' dir='ltr'>purum</span> <span class='ocrx_word' id='word_1_65' title='bbox 931 1178 1073 1241; x_wconf 87' lang='lat' dir='ltr'>iambum</span> <span class='ocrx_word' id='word_1_66' title='bbox 1104 1178 1210 1241; x_wconf 77' lang='lat' dir='ltr'>solent</span> <span class='ocrx_word' id='word_1_67' title='bbox 1232 1179 1335 1258; x_wconf 84' lang='lat' dir='ltr'>exire,</span> <span class='ocrx_word' id='word_1_68' title='bbox 1356 1178 1406 1242; x_wconf 91' lang='lat' dir='ltr'>nisi</span> 
     </span>
     <span class='ocr_line' id='line_1_9' title="bbox 240 1292 1408 1378; baseline -0.002 -20"><span class='ocrx_word' id='word_1_69' title='bbox 240 1294 444 1376; x_wconf 78' lang='lat' dir='ltr'>anapaestico</span> <span class='ocrx_word' id='word_1_70' title='bbox 474 1298 558 1357; x_wconf 91' lang='lat' dir='ltr'>sunt.</span> <span class='ocrx_word' id='word_1_71' title='bbox 604 1294 809 1376; x_wconf 87' lang='lat' dir='ltr'>anapaestica</span> <span class='ocrx_word' id='word_1_72' title='bbox 832 1294 917 1357; x_wconf 90' lang='lat' dir='ltr'>enim</span> <span class='ocrx_word' id='word_1_73' title='bbox 940 1293 1009 1356; x_wconf 91' lang='lat' dir='ltr'>cola</span> <span class='ocrx_word' id='word_1_74' title='bbox 1032 1294 1184 1357; x_wconf 89' lang='lat' dir='ltr'>nimirum</span> <span class='ocrx_word' id='word_1_75' title='bbox 1206 1292 1338 1378; x_wconf 79' lang='lat' dir='ltr'>legibus</span> <span class='ocrx_word' id='word_1_76' title='bbox 1359 1315 1408 1357; x_wconf 89' lang='lat' dir='ltr'>nu·</span> 
     </span>
     <span class='ocr_line' id='line_1_10' title="bbox 239 1409 1408 1494; baseline -0.002 -19"><span class='ocrx_word' id='word_1_77' title='bbox 239 1412 319 1475; x_wconf 89' lang='lat' dir='ltr'>meri</span> <span class='ocrx_word' id='word_1_78' title='bbox 342 1410 538 1493; x_wconf 88' lang='lat' dir='ltr'>anapaestici</span> <span class='ocrx_word' id='word_1_79' title='bbox 561 1413 685 1492; x_wconf 91' lang='lat' dir='ltr'>parent.</span> <span class='ocrx_word' id='word_1_80' title='bbox 731 1410 935 1491; x_wconf 88' lang='lat' dir='ltr'>anapaestica</span> <span class='ocrx_word' id='word_1_81' title='bbox 956 1413 1064 1473; x_wconf 86' lang='lat' dir='ltr'>autem</span> <span class='ocrx_word' id='word_1_82' title='bbox 1078 1413 1152 1472; x_wconf 91' lang='lat' dir='ltr'>sunt</span> <span class='ocrx_word' id='word_1_83' title='bbox 1168 1409 1202 1472; x_wconf 90' lang='lat' dir='ltr'>in</span> <span class='ocrx_word' id='word_1_84' title='bbox 1218 1409 1282 1472; x_wconf 92' lang='lat' dir='ltr'>hoc</span> <span class='ocrx_word' id='word_1_85' title='bbox 1299 1431 1408 1494; x_wconf 83' lang='lat' dir='ltr'>genere</span> 
     </span>
     <span class='ocr_line' id='line_1_11' title="bbox 241 1523 1411 1611; baseline 0 -20"><span class='ocrx_word' id='word_1_86' title='bbox 241 1526 330 1607; x_wconf 79' lang='lat' dir='ltr'>C-l-a</span> <span class='ocrx_word' id='word_1_87' title='bbox 364 1526 470 1611; x_wconf 86' lang='lat' dir='ltr'>priora</span> <span class='ocrx_word' id='word_1_88' title='bbox 503 1523 706 1588; x_wconf 81' lang='lat' dir='ltr'>hemistichia</span> <span class='ocrx_word' id='word_1_89' title='bbox 739 1524 802 1587; x_wconf 83' lang='lat' dir='ltr'>‹luo</span> <span class='ocrx_word' id='word_1_90' title='bbox 836 1523 917 1588; x_wconf 90' lang='lat' dir='ltr'>Ded.</span> <span class='ocrx_word' id='word_1_91' title='bbox 952 1525 983 1589; x_wconf 81' lang='lat'>4.</span> <span class='ocrx_word' id='word_1_92' title='bbox 1012 1526 1031 1587; x_wconf 89' lang='grc'><strong>6</strong></span> <span class='ocrx_word' id='word_1_93' title='bbox 1059 1528 1091 1588; x_wconf 88' lang='grc'>01</span> <span class='ocrx_word' id='word_1_94' title='bbox 1114 1524 1230 1609; x_wconf 81' lang='lat' dir='ltr'>Epigr.</span> <span class='ocrx_word' id='word_1_95' title='bbox 1253 1523 1361 1589; x_wconf 86' lang='lat' dir='ltr'>Naeu.</span> <span class='ocrx_word' id='word_1_96' title='bbox 1382 1527 1411 1594; x_wconf 72' lang='grc'>4.</span> 
     </span>
     <span class='ocr_line' id='line_1_12' title="bbox 238 1639 1406 1728; baseline -0.002 -21"><span class='ocrx_word' id='word_1_97' title='bbox 238 1643 413 1728; x_wconf 83' lang='lat' dir='ltr'>singularis</span> <span class='ocrx_word' id='word_1_98' title='bbox 437 1645 545 1705; x_wconf 89' lang='lat' dir='ltr'>autem</span> <span class='ocrx_word' id='word_1_99' title='bbox 567 1645 617 1704; x_wconf 89' lang='lat' dir='ltr'>est</span> <span class='ocrx_word' id='word_1_100' title='bbox 639 1662 751 1704; x_wconf 86' lang='lat' dir='ltr'>uersus</span> <span class='ocrx_word' id='word_1_101' title='bbox 774 1639 871 1724; x_wconf 81' lang='lat' dir='ltr'>Elog.</span> <span class='ocrx_word' id='word_1_102' title='bbox 895 1641 925 1703; x_wconf 89' lang='grc'>6.</span> <span class='ocrx_word' id='word_1_103' title='bbox 949 1639 1122 1704; x_wconf 78' lang='lat' dir='ltr'>4Elisu1&#39;st</span> <span class='ocrx_word' id='word_1_104' title='bbox 1137 1639 1237 1704; x_wconf 85' lang='lat' dir='ltr'>Cerf</span> <span class='ocrx_word' id='word_1_105' title='bbox 1241 1645 1306 1704; x_wconf 82' lang='lat' dir='ltr'>rim</span> <span class='ocrx_word' id='word_1_106' title='bbox 1323 1662 1406 1705; x_wconf 85' lang='lat' dir='ltr'>saca·</span> 
     </span>
     <span class='ocr_line' id='line_1_13' title="bbox 239 1754 1444 1839; baseline 0 -17"><span class='ocrx_word' id='word_1_107' title='bbox 239 1759 345 1822; x_wconf 79' lang='lat' dir='ltr'>racrix</span> <span class='ocrx_word' id='word_1_108' title='bbox 378 1755 520 1822; x_wconf 67' lang='lat' dir='ltr'>Simonis</span> <span class='ocrx_word' id='word_1_109' title='bbox 553 1778 620 1833; x_wconf 85' lang='lat' dir='ltr'>sva,</span> <span class='ocrx_word' id='word_1_110' title='bbox 655 1757 745 1820; x_wconf 91' lang='lat' dir='ltr'>cuius</span> <span class='ocrx_word' id='word_1_111' title='bbox 778 1755 893 1819; x_wconf 87' lang='lat' dir='ltr'>tertius</span> <span class='ocrx_word' id='word_1_112' title='bbox 929 1777 985 1839; x_wconf 91' lang='lat' dir='ltr'>pes</span> <span class='ocrx_word' id='word_1_113' title='bbox 1009 1754 1172 1819; x_wconf 73' lang='lat' dir='ltr'>Certum</span> <span class='ocrx_word' id='word_1_114' title='bbox 1195 1760 1246 1819; x_wconf 89' lang='lat' dir='ltr'>est</span> <span class='ocrx_word' id='word_1_115' title='bbox 1269 1757 1306 1820; x_wconf 87' lang='lat' dir='ltr'>iu</span> <span class='ocrx_word' id='word_1_116' title='bbox 1331 1758 1411 1825; x_wconf 83' lang='lat' dir='ltr'>exitu</span> <span class='ocrx_word' id='word_1_117' title='bbox 1441 1822 1444 1827; x_wconf 85' lang='grc'><em>,</em></span> 
     </span>
     <span class='ocr_line' id='line_1_14' title="bbox 239 1870 1412 1958; baseline -0.004 -20"><span class='ocrx_word' id='word_1_118' title='bbox 239 1874 353 1958; x_wconf 85' lang='lat' dir='ltr'>prioris</span> <span class='ocrx_word' id='word_1_119' title='bbox 376 1871 581 1936; x_wconf 85' lang='lat' dir='ltr'>hemistichii.</span> <span class='ocrx_word' id='word_1_120' title='bbox 627 1872 831 1954; x_wconf 86' lang='lat' dir='ltr'>quamobrem</span> <span class='ocrx_word' id='word_1_121' title='bbox 855 1871 923 1934; x_wconf 86' lang='lat' dir='ltr'>sine</span> <span class='ocrx_word' id='word_1_122' title='bbox 948 1870 1044 1935; x_wconf 89' lang='lat' dir='ltr'>dubio</span> <span class='ocrx_word' id='word_1_123' title='bbox 1068 1870 1120 1934; x_wconf 90' lang='lat' dir='ltr'>hic</span> <span class='ocrx_word' id='word_1_124' title='bbox 1143 1872 1309 1935; x_wconf 89' lang='lat' dir='ltr'>saturnius</span> <span class='ocrx_word' id='word_1_125' title='bbox 1331 1875 1412 1937; x_wconf 89' lang='lat' dir='ltr'>caret</span> 
     </span>
     <span class='ocr_line' id='line_1_15' title="bbox 240 1985 1447 2070; baseline 0.002 -17"><span class='ocrx_word' id='word_1_126' title='bbox 240 1989 386 2068; x_wconf 75' lang='lat' dir='ltr'>diaetam,</span> <span class='ocrx_word' id='word_1_127' title='bbox 421 1987 460 2052; x_wconf 90' lang='lat' dir='ltr'>de</span> <span class='ocrx_word' id='word_1_128' title='bbox 494 2008 557 2070; x_wconf 90' lang='lat' dir='ltr'>qua</span> <span class='ocrx_word' id='word_1_129' title='bbox 591 2008 625 2049; x_wconf 89' lang='lat' dir='ltr'>re</span> <span class='ocrx_word' id='word_1_130' title='bbox 661 2009 691 2050; x_wconf 92' lang='lat' dir='ltr'>u.</span> <span class='ocrx_word' id='word_1_131' title='bbox 726 2009 756 2068; x_wconf 91' lang='lat' dir='ltr'>p.</span> <span class='ocrx_word' id='word_1_132' title='bbox 792 1985 850 2065; x_wconf 84' lang='lat' dir='ltr'>Vl,</span> <span class='ocrx_word' id='word_1_133' title='bbox 880 1988 1130 2069; x_wconf 85' lang='lat' dir='ltr'>obscuraturque</span> <span class='ocrx_word' id='word_1_134' title='bbox 1152 1987 1362 2052; x_wconf 90' lang='lat' dir='ltr'>interuallum</span> <span class='ocrx_word' id='word_1_135' title='bbox 1382 1988 1412 2055; x_wconf 86' lang='lat' dir='ltr'>iu</span> <span class='ocrx_word' id='word_1_136' title='bbox 1445 2018 1447 2025; x_wconf 94' lang='lat'>·</span> 
     </span>
     <span class='ocr_line' id='line_1_16' title="bbox 240 2101 1412 2184; baseline -0.003 -15"><span class='ocrx_word' id='word_1_137' title='bbox 240 2105 376 2169; x_wconf 86' lang='lat' dir='ltr'>confinio</span> <span class='ocrx_word' id='word_1_138' title='bbox 409 2101 683 2166; x_wconf 84' lang='lat' dir='ltr'>hemistichiorum</span> <span class='ocrx_word' id='word_1_139' title='bbox 718 2103 867 2184; x_wconf 87' lang='lat' dir='ltr'>positum.</span> <span class='ocrx_word' id='word_1_140' title='bbox 913 2102 1024 2184; x_wconf 88' lang='lat' dir='ltr'>quodsi</span> <span class='ocrx_word' id='word_1_141' title='bbox 1057 2102 1225 2167; x_wconf 90' lang='lat' dir='ltr'>continuus</span> <span class='ocrx_word' id='word_1_142' title='bbox 1249 2106 1301 2166; x_wconf 85' lang='lat' dir='ltr'>cst</span> <span class='ocrx_word' id='word_1_143' title='bbox 1326 2103 1412 2168; x_wconf 90' lang='lat' dir='ltr'>huius</span> 
     </span>
     <span class='ocr_line' id='line_1_17' title="bbox 239 2217 1412 2302; baseline -0.001 -18"><span class='ocrx_word' id='word_1_144' title='bbox 239 2241 350 2284; x_wconf 89' lang='lat' dir='ltr'>uersus</span> <span class='ocrx_word' id='word_1_145' title='bbox 373 2217 541 2302; x_wconf 81' lang='lat' dir='ltr'>rhythmus</span> <span class='ocrx_word' id='word_1_146' title='bbox 564 2217 625 2280; x_wconf 88' lang='lat' dir='ltr'>rite</span> <span class='ocrx_word' id='word_1_147' title='bbox 649 2218 842 2300; x_wconf 87' lang='lat' dir='ltr'>compositus</span> <span class='ocrx_word' id='word_1_148' title='bbox 865 2222 923 2281; x_wconf 89' lang='lat' dir='ltr'>est.</span> <span class='ocrx_word' id='word_1_149' title='bbox 969 2219 1024 2280; x_wconf 89' lang='lat' dir='ltr'>sed</span> <span class='ocrx_word' id='word_1_150' title='bbox 1047 2239 1116 2282; x_wconf 92' lang='lat' dir='ltr'>cum</span> <span class='ocrx_word' id='word_1_151' title='bbox 1141 2218 1226 2282; x_wconf 90' lang='lat' dir='ltr'>inter</span> <span class='ocrx_word' id='word_1_152' title='bbox 1242 2218 1412 2284; x_wconf 90' lang='lat' dir='ltr'>iambicum</span> 
     </span>
     <span class='ocr_line' id='line_1_18' title="bbox 238 2333 1411 2419; baseline -0.001 -19"><span class='ocrx_word' id='word_1_153' title='bbox 238 2357 406 2400; x_wconf 88' lang='lat' dir='ltr'>numerum</span> <span class='ocrx_word' id='word_1_154' title='bbox 441 2337 473 2398; x_wconf 90' lang='grc'>01</span> <span class='ocrx_word' id='word_1_155' title='bbox 506 2333 745 2417; x_wconf 88' lang='lat' dir='ltr'>anapaesticum</span> <span class='ocrx_word' id='word_1_156' title='bbox 779 2334 883 2397; x_wconf 89' lang='lat' dir='ltr'>minus</span> <span class='ocrx_word' id='word_1_157' title='bbox 917 2334 1051 2396; x_wconf 85' lang='lat' dir='ltr'>interest</span> <span class='ocrx_word' id='word_1_158' title='bbox 1084 2335 1118 2397; x_wconf 91' lang='lat' dir='ltr'>in</span> <span class='ocrx_word' id='word_1_159' title='bbox 1153 2335 1306 2398; x_wconf 88' lang='lat' dir='ltr'>uniuersa</span> <span class='ocrx_word' id='word_1_160' title='bbox 1329 2334 1411 2419; x_wconf 88' lang='lat' dir='ltr'>poesi</span> 
     </span>
     <span class='ocr_line' id='line_1_19' title="bbox 239 2449 1413 2535; baseline 0 -21"><span class='ocrx_word' id='word_1_161' title='bbox 239 2451 346 2535; x_wconf 90' lang='lat' dir='ltr'>prisca</span> <span class='ocrx_word' id='word_1_162' title='bbox 376 2450 547 2513; x_wconf 89' lang='lat' dir='ltr'>latinorum</span> <span class='ocrx_word' id='word_1_163' title='bbox 569 2470 666 2531; x_wconf 85' lang='lat' dir='ltr'>quam</span> <span class='ocrx_word' id='word_1_164' title='bbox 689 2449 722 2511; x_wconf 93' lang='lat' dir='ltr'>in</span> <span class='ocrx_word' id='word_1_165' title='bbox 746 2469 872 2532; x_wconf 85' lang='lat' dir='ltr'>graeca,</span> <span class='ocrx_word' id='word_1_166' title='bbox 897 2451 965 2512; x_wconf 90' lang='lat' dir='ltr'>tum</span> <span class='ocrx_word' id='word_1_167' title='bbox 988 2449 1022 2511; x_wconf 88' lang='lat' dir='ltr'>in</span> <span class='ocrx_word' id='word_1_168' title='bbox 1045 2449 1239 2513; x_wconf 85' lang='lat' dir='ltr'>carminibus</span> <span class='ocrx_word' id='word_1_169' title='bbox 1263 2449 1413 2514; x_wconf 75' lang='grc'><strong>(10100011-</strong></span> 
     </span>
     <span class='ocr_line' id='line_1_20' title="bbox 240 2563 1413 2649; baseline 0.001 -19"><span class='ocrx_word' id='word_1_170' title='bbox 240 2567 286 2630; x_wconf 89' lang='lat' dir='ltr'>cis</span> <span class='ocrx_word' id='word_1_171' title='bbox 308 2565 468 2629; x_wconf 90' lang='lat' dir='ltr'>interdum</span> <span class='ocrx_word' id='word_1_172' title='bbox 491 2586 530 2629; x_wconf 90' lang='lat' dir='ltr'>ea</span> <span class='ocrx_word' id='word_1_173' title='bbox 552 2585 672 2649; x_wconf 87' lang='lat' dir='ltr'>genera</span> <span class='ocrx_word' id='word_1_174' title='bbox 695 2567 769 2626; x_wconf 88' lang='lat' dir='ltr'>sunt</span> <span class='ocrx_word' id='word_1_175' title='bbox 791 2563 882 2646; x_wconf 89' lang='lat' dir='ltr'>quasi</span> <span class='ocrx_word' id='word_1_176' title='bbox 905 2564 1016 2627; x_wconf 84' lang='lat' dir='ltr'>mixta.</span> <span class='ocrx_word' id='word_1_177' title='bbox 1062 2567 1099 2626; x_wconf 93' lang='lat' dir='ltr'>ut</span> <span class='ocrx_word' id='word_1_178' title='bbox 1121 2587 1158 2628; x_wconf 81' lang='lat' dir='ltr'>ex</span> <span class='ocrx_word' id='word_1_179' title='bbox 1180 2565 1291 2648; x_wconf 88' lang='lat' dir='ltr'>priore</span> <span class='ocrx_word' id='word_1_180' title='bbox 1313 2565 1413 2631; x_wconf 80' lang='lat' dir='ltr'>hemi-</span> 
     </span>
     <span class='ocr_line' id='line_1_21' title="bbox 240 2678 1411 2762; baseline 0 -16"><span class='ocrx_word' id='word_1_181' title='bbox 240 2682 354 2746; x_wconf 91' lang='lat' dir='ltr'>stichio</span> <span class='ocrx_word' id='word_1_182' title='bbox 390 2680 603 2762; x_wconf 88' lang='lat' dir='ltr'>anapaestic0‚</span> <span class='ocrx_word' id='word_1_183' title='bbox 632 2678 807 2762; x_wconf 90' lang='lat' dir='ltr'>posteriore</span> <span class='ocrx_word' id='word_1_184' title='bbox 830 2678 967 2743; x_wconf 89' lang='lat' dir='ltr'>iambico</span> <span class='ocrx_word' id='word_1_185' title='bbox 991 2680 1157 2762; x_wconf 87' lang='lat' dir='ltr'>compositi</span> <span class='ocrx_word' id='word_1_186' title='bbox 1180 2683 1255 2743; x_wconf 87' lang='lat' dir='ltr'>sunt</span> <span class='ocrx_word' id='word_1_187' title='bbox 1279 2681 1411 2746; x_wconf 89' lang='lat' dir='ltr'>saturnii</span> 
     </span>
     <span class='ocr_line' id='line_1_22' title="bbox 240 2794 1415 2881; baseline 0.003 -21"><span class='ocrx_word' id='word_1_188' title='bbox 240 2797 288 2862; x_wconf 91' lang='lat' dir='ltr'>illi</span> <span class='ocrx_word' id='word_1_189' title='bbox 323 2797 385 2862; x_wconf 90' lang='lat' dir='ltr'>duo</span> <span class='ocrx_word' id='word_1_190' title='bbox 411 2817 489 2879; x_wconf 91' lang='lat' dir='ltr'>quos</span> <span class='ocrx_word' id='word_1_191' title='bbox 513 2795 580 2859; x_wconf 85' lang='lat' dir='ltr'>dixi</span> <span class='ocrx_word' id='word_1_192' title='bbox 603 2794 684 2858; x_wconf 84' lang='lat' dir='ltr'>Ded.</span> <span class='ocrx_word' id='word_1_193' title='bbox 709 2796 741 2860; x_wconf 76' lang='lat'>4.</span> <span class='ocrx_word' id='word_1_194' title='bbox 766 2797 785 2857; x_wconf 83' lang='lat'>6</span> <span class='ocrx_word' id='word_1_195' title='bbox 811 2795 1038 2879; x_wconf 87' lang='lat' dir='ltr'>&#39;gonde&#39;corant</span> <span class='ocrx_word' id='word_1_196' title='bbox 1061 2795 1236 2878; x_wconf 72' lang='lat' dir='ltr'>stipistme</span> <span class='ocrx_word' id='word_1_197' title='bbox 1262 2794 1266 2881; x_wconf 78' lang='grc'><strong>1</strong></span> <span class='ocrx_word' id='word_1_198' title='bbox 1295 2801 1415 2862; x_wconf 50' lang='lat' dir='ltr'>comui*</span> 
     </span>
     <span class='ocr_line' id='line_1_23' title="bbox 194 2907 1415 3014; baseline 0.001 -39"><span class='ocrx_word' id='word_1_199' title='bbox 194 2994 208 3014; x_wconf 36' lang='grc' dir='ltr'><strong><em>Ι</em></strong></span> <span class='ocrx_word' id='word_1_200' title='bbox 239 2913 293 2977; x_wconf 73' lang='lat' dir='ltr'>uisi</span> <span class='ocrx_word' id='word_1_201' title='bbox 315 2912 487 2997; x_wconf 85' lang='lat' dir='ltr'>loid6sque&#39;</span> <span class='ocrx_word' id='word_1_202' title='bbox 512 2913 545 2975; x_wconf 91' lang='lat' dir='ltr'>et</span> <span class='ocrx_word' id='word_1_203' title='bbox 568 2910 681 2995; x_wconf 80' lang='lat' dir='ltr'>Epigr.</span> <span class='ocrx_word' id='word_1_204' title='bbox 705 2907 807 2974; x_wconf 89' lang='lat' dir='ltr'>Naeu.</span> <span class='ocrx_word' id='word_1_205' title='bbox 832 2912 853 2972; x_wconf 76' lang='lat'>4</span> <span class='ocrx_word' id='word_1_206' title='bbox 878 2910 1006 2975; x_wconf 85' lang='lat' dir='ltr'>&#39;oblitae</span> <span class='ocrx_word' id='word_1_207' title='bbox 1030 2913 1104 2973; x_wconf 78' lang='lat' dir='ltr'>sunt</span> <span class='ocrx_word' id='word_1_208' title='bbox 1127 2910 1248 2975; x_wconf 74' lang='lat' dir='ltr'>Romae</span> <span class='ocrx_word' id='word_1_209' title='bbox 1267 2909 1270 2939; x_wconf 85' lang='lat'><strong>¹</strong></span> <span class='ocrx_word' id='word_1_210' title='bbox 1290 2914 1415 2998; x_wconf 78' lang='lat' dir='ltr'>loquier</span> 
     </span>
     <span class='ocr_line' id='line_1_24' title="bbox 240 3027 494 3113; baseline 0 -22"><span class='ocrx_word' id='word_1_211' title='bbox 240 3027 352 3113; x_wconf 75' lang='lat' dir='ltr'>lingua</span> <span class='ocrx_word' id='word_1_212' title='bbox 373 3027 494 3092; x_wconf 85' lang='lat' dir='ltr'>latina&#39;.</span> 
     </span>
    </p>
   </div>
   <div class='ocr_carea' id='block_1_3' title="bbox 244 3238 1415 3441">
    <p class='ocr_par' dir='ltr' id='par_1_3' title="bbox 244 3238 1415 3441">
     <span class='ocr_line' id='line_1_25' title="bbox 350 3238 1413 3326; baseline 0.002 -21"><span class='ocrx_word' id='word_1_213' title='bbox 350 3241 368 3322; x_wconf 64' lang='grc' dir='ltr'><strong>ἕ</strong></span> <span class='ocrx_word' id='word_1_214' title='bbox 396 3245 426 3306; x_wconf 90' lang='grc'>3.</span> <span class='ocrx_word' id='word_1_215' title='bbox 472 3238 532 3305; x_wconf 90' lang='lat' dir='ltr'><strong>III.</strong></span> <span class='ocrx_word' id='word_1_216' title='bbox 579 3240 777 3324; x_wconf 87' lang='lat' dir='ltr'>Quamquam</span> <span class='ocrx_word' id='word_1_217' title='bbox 811 3262 851 3304; x_wconf 90' lang='lat' dir='ltr'>ne</span> <span class='ocrx_word' id='word_1_218' title='bbox 887 3240 942 3305; x_wconf 89' lang='lat' dir='ltr'>ille</span> <span class='ocrx_word' id='word_1_219' title='bbox 976 3239 1104 3323; x_wconf 89' lang='lat' dir='ltr'>quidem</span> <span class='ocrx_word' id='word_1_220' title='bbox 1132 3242 1413 3326; x_wconf 84' lang='lat' dir='ltr'>semiseptenarius</span> 
     </span>
     <span class='ocr_line' id='line_1_26' title="bbox 244 3355 1415 3441; baseline 0.003 -22"><span class='ocrx_word' id='word_1_221' title='bbox 244 3356 377 3440; x_wconf 77' lang='lat' dir='ltr'>&#39;loquier</span> <span class='ocrx_word' id='word_1_222' title='bbox 399 3357 510 3441; x_wconf 75' lang='lat' dir='ltr'>lingui</span> <span class='ocrx_word' id='word_1_223' title='bbox 532 3356 643 3421; x_wconf 87' lang='lat' dir='ltr'>latina&#39;</span> <span class='ocrx_word' id='word_1_224' title='bbox 667 3356 770 3420; x_wconf 89' lang='lat' dir='ltr'>iustus</span> <span class='ocrx_word' id='word_1_225' title='bbox 794 3359 842 3420; x_wconf 91' lang='lat' dir='ltr'>est</span> <span class='ocrx_word' id='word_1_226' title='bbox 864 3355 989 3420; x_wconf 91' lang='lat' dir='ltr'>iambus</span> <span class='ocrx_word' id='word_1_227' title='bbox 1005 3356 1045 3418; x_wconf 91' lang='lat' dir='ltr'>ad</span> <span class='ocrx_word' id='word_1_228' title='bbox 1060 3378 1205 3420; x_wconf 91' lang='lat' dir='ltr'>normam</span> <span class='ocrx_word' id='word_1_229' title='bbox 1220 3358 1300 3421; x_wconf 88' lang='lat' dir='ltr'>artis</span> <span class='ocrx_word' id='word_1_230' title='bbox 1316 3357 1415 3423; x_wconf 72' lang='lat' dir='ltr'>Plau-</span> 
     </span>
    </p>
   </div>
   <div class='ocr_carea' id='block_1_4' title="bbox 240 3470 1421 4375">
    <p class='ocr_par' dir='ltr' id='par_1_4' title="bbox 240 3470 1421 4375">
     <span class='ocr_line' id='line_1_27' title="bbox 240 3470 1411 3554; baseline 0.003 -19"><span class='ocrx_word' id='word_1_231' title='bbox 240 3472 327 3536; x_wconf 89' lang='lat' dir='ltr'>tinae</span> <span class='ocrx_word' id='word_1_232' title='bbox 359 3474 414 3535; x_wconf 92' lang='lat' dir='ltr'>aut</span> <span class='ocrx_word' id='word_1_233' title='bbox 440 3470 660 3550; x_wconf 83' lang='lat' dir='ltr'>Terentianae,</span> <span class='ocrx_word' id='word_1_234' title='bbox 684 3493 724 3535; x_wconf 87' lang='lat' dir='ltr'>ne</span> <span class='ocrx_word' id='word_1_235' title='bbox 749 3472 853 3535; x_wconf 86' lang='lat' dir='ltr'>dicam</span> <span class='ocrx_word' id='word_1_236' title='bbox 876 3472 916 3535; x_wconf 86' lang='lat' dir='ltr'>ad</span> <span class='ocrx_word' id='word_1_237' title='bbox 940 3493 1080 3534; x_wconf 88' lang='lat' dir='ltr'>normam</span> <span class='ocrx_word' id='word_1_238' title='bbox 1105 3473 1330 3554; x_wconf 87' lang='lat' dir='ltr'>posteriorum.</span> <span class='ocrx_word' id='word_1_239' title='bbox 1379 3475 1411 3538; x_wconf 92' lang='lat' dir='ltr'>in</span> 
     </span>
     <span class='ocr_line' id='line_1_28' title="bbox 241 3585 1413 3670; baseline 0.003 -19"><span class='ocrx_word' id='word_1_240' title='bbox 241 3588 438 3651; x_wconf 89' lang='lat' dir='ltr'>senariorum</span> <span class='ocrx_word' id='word_1_241' title='bbox 461 3588 544 3650; x_wconf 91' lang='lat' dir='ltr'>enim</span> <span class='ocrx_word' id='word_1_242' title='bbox 568 3594 659 3668; x_wconf 82' lang='lat' dir='ltr'>tanta</span> <span class='ocrx_word' id='word_1_243' title='bbox 681 3587 885 3651; x_wconf 87' lang='lat' dir='ltr'>multitudine</span> <span class='ocrx_word' id='word_1_244' title='bbox 908 3588 994 3670; x_wconf 85' lang='lat' dir='ltr'>apud</span> <span class='ocrx_word' id='word_1_245' title='bbox 1010 3585 1159 3651; x_wconf 89' lang='lat' dir='ltr'>Plautum</span> <span class='ocrx_word' id='word_1_246' title='bbox 1176 3592 1209 3652; x_wconf 91' lang='lat' dir='ltr'>et</span> <span class='ocrx_word' id='word_1_247' title='bbox 1223 3586 1413 3654; x_wconf 81' lang='lat' dir='ltr'>Terentium</span> 
     </span>
     <span class='ocr_line' id='line_1_29' title="bbox 241 3703 1418 3786; baseline 0.005 -21"><span class='ocrx_word' id='word_1_248' title='bbox 241 3706 426 3786; x_wconf 87' lang='lat' dir='ltr'>ceterosque</span> <span class='ocrx_word' id='word_1_249' title='bbox 460 3705 580 3786; x_wconf 81' lang='lat' dir='ltr'>poetas,</span> <span class='ocrx_word' id='word_1_250' title='bbox 613 3703 699 3786; x_wconf 85' lang='lat' dir='ltr'>quod</span> <span class='ocrx_word' id='word_1_251' title='bbox 726 3724 833 3767; x_wconf 88' lang='lat' dir='ltr'>omnes</span> <span class='ocrx_word' id='word_1_252' title='bbox 857 3703 971 3780; x_wconf 81' lang='lat' dir='ltr'>sciunt,</span> <span class='ocrx_word' id='word_1_253' title='bbox 995 3703 1181 3785; x_wconf 85' lang='lat' dir='ltr'>paucissimi</span> <span class='ocrx_word' id='word_1_254' title='bbox 1203 3704 1418 3771; x_wconf 87' lang='lat' dir='ltr'>inueniuntur</span> 
     </span>
     <span class='ocr_line' id='line_1_30' title="bbox 240 3816 1417 3901; baseline 0.003 -17"><span class='ocrx_word' id='word_1_255' title='bbox 240 3819 322 3884; x_wconf 89' lang='lat' dir='ltr'>tales</span> <span class='ocrx_word' id='word_1_256' title='bbox 356 3817 458 3901; x_wconf 89' lang='lat' dir='ltr'>qualis</span> <span class='ocrx_word' id='word_1_257' title='bbox 492 3817 546 3881; x_wconf 87' lang='lat' dir='ltr'>ille</span> <span class='ocrx_word' id='word_1_258' title='bbox 581 3817 720 3882; x_wconf 89' lang='lat' dir='ltr'>lenonis:</span> <span class='ocrx_word' id='word_1_259' title='bbox 750 3816 974 3882; x_wconf 66' lang='lat' dir='ltr'>”Valitudo</span> <span class='ocrx_word' id='word_1_260' title='bbox 999 3819 1154 3882; x_wconf 86' lang='lat' dir='ltr'>decre&#39;scit</span> <span class='ocrx_word' id='word_1_261' title='bbox 1177 3824 1332 3884; x_wconf 83' lang='lat' dir='ltr'>accrescit</span> <span class='ocrx_word' id='word_1_262' title='bbox 1358 3823 1417 3887; x_wconf 72' lang='grc'><strong>(10·</strong></span> 
     </span>
     <span class='ocr_line' id='line_1_31' title="bbox 241 3933 1420 4018; baseline 0.003 -18"><span class='ocrx_word' id='word_1_263' title='bbox 241 3935 321 4006; x_wconf 76' lang='lat' dir='ltr'>lor’&#39;,</span> <span class='ocrx_word' id='word_1_264' title='bbox 359 3955 416 3996; x_wconf 84' lang='lat' dir='ltr'>nec</span> <span class='ocrx_word' id='word_1_265' title='bbox 455 3933 559 4018; x_wconf 78' lang='lat' dir='ltr'>magis</span> <span class='ocrx_word' id='word_1_266' title='bbox 596 3934 629 3997; x_wconf 89' lang='lat' dir='ltr'>in</span> <span class='ocrx_word' id='word_1_267' title='bbox 667 3933 813 3998; x_wconf 87' lang='lat' dir='ltr'>iambicis</span> <span class='ocrx_word' id='word_1_268' title='bbox 851 3933 1041 4017; x_wconf 86' lang='lat' dir='ltr'>septenariis</span> <span class='ocrx_word' id='word_1_269' title='bbox 1077 3937 1131 3998; x_wconf 88' lang='lat' dir='ltr'>aut</span> <span class='ocrx_word' id='word_1_270' title='bbox 1166 3936 1339 4001; x_wconf 87' lang='lat' dir='ltr'>octonariis</span> <span class='ocrx_word' id='word_1_271' title='bbox 1376 3959 1420 4005; x_wconf 79' lang='lat' dir='ltr'>ea</span> 
     </span>
     <span class='ocr_line' id='line_1_32' title="bbox 242 4048 1415 4133; baseline 0.003 -18"><span class='ocrx_word' id='word_1_272' title='bbox 242 4048 397 4133; x_wconf 81' lang='lat' dir='ltr'>asperitas</span> <span class='ocrx_word' id='word_1_273' title='bbox 430 4048 534 4112; x_wconf 90' lang='lat' dir='ltr'>locum</span> <span class='ocrx_word' id='word_1_274' title='bbox 567 4048 690 4114; x_wconf 89' lang='lat' dir='ltr'>habuit.</span> <span class='ocrx_word' id='word_1_275' title='bbox 735 4049 858 4113; x_wconf 92' lang='lat' dir='ltr'>nullum</span> <span class='ocrx_word' id='word_1_276' title='bbox 892 4070 968 4113; x_wconf 90' lang='lat' dir='ltr'>uero</span> <span class='ocrx_word' id='word_1_277' title='bbox 999 4051 1048 4112; x_wconf 92' lang='lat' dir='ltr'>est</span> <span class='ocrx_word' id='word_1_278' title='bbox 1070 4048 1154 4113; x_wconf 90' lang='lat' dir='ltr'>inter</span> <span class='ocrx_word' id='word_1_279' title='bbox 1177 4052 1415 4132; x_wconf 77' lang='lat' dir='ltr'>quaternarios,</span> 
     </span>
     <span class='ocr_line' id='line_1_33' title="bbox 241 4163 1414 4249; baseline 0.004 -19"><span class='ocrx_word' id='word_1_280' title='bbox 241 4167 308 4230; x_wconf 90' lang='lat' dir='ltr'>siue</span> <span class='ocrx_word' id='word_1_281' title='bbox 332 4163 499 4228; x_wconf 88' lang='lat' dir='ltr'>acatalecti</span> <span class='ocrx_word' id='word_1_282' title='bbox 522 4169 596 4227; x_wconf 88' lang='lat' dir='ltr'>sunt</span> <span class='ocrx_word' id='word_1_283' title='bbox 618 4165 685 4229; x_wconf 87' lang='lat' dir='ltr'>siue</span> <span class='ocrx_word' id='word_1_284' title='bbox 709 4163 973 4248; x_wconf 84' lang='lat' dir='ltr'>semiseptenarii,</span> <span class='ocrx_word' id='word_1_285' title='bbox 996 4164 1061 4228; x_wconf 87' lang='lat' dir='ltr'>tale</span> <span class='ocrx_word' id='word_1_286' title='bbox 1086 4165 1276 4249; x_wconf 80' lang='lat' dir='ltr'>exemplum.</span> <span class='ocrx_word' id='word_1_287' title='bbox 1324 4173 1414 4235; x_wconf 87' lang='lat' dir='ltr'>cete-</span> 
     </span>
     <span class='ocr_line' id='line_1_34' title="bbox 241 4279 1421 4375; baseline 0.002 -28"><span class='ocrx_word' id='word_1_288' title='bbox 241 4281 354 4366; x_wconf 86' lang='lat' dir='ltr'>roquin</span> <span class='ocrx_word' id='word_1_289' title='bbox 377 4279 587 4375; x_wconf 79' lang='lat' dir='ltr'>anapaesticis</span> <span class='ocrx_word' id='word_1_290' title='bbox 611 4280 759 4345; x_wconf 88' lang='lat' dir='ltr'>clausulis</span> <span class='ocrx_word' id='word_1_291' title='bbox 782 4280 936 4345; x_wconf 90' lang='lat' dir='ltr'>iambicae</span> <span class='ocrx_word' id='word_1_292' title='bbox 961 4280 1044 4362; x_wconf 88' lang='lat' dir='ltr'>apud</span> <span class='ocrx_word' id='word_1_293' title='bbox 1068 4279 1217 4345; x_wconf 91' lang='lat' dir='ltr'>Plautum</span> <span class='ocrx_word' id='word_1_294' title='bbox 1241 4286 1273 4346; x_wconf 90' lang='grc'>01</span> <span class='ocrx_word' id='word_1_295' title='bbox 1288 4281 1421 4349; x_wconf 81' lang='lat' dir='ltr'>&#39;Peren--</span> 
     </span>
    </p>
   </div>
   <div class='ocr_carea' id='block_1_5' title="bbox 0 0 1464 4778">
    <p class='ocr_par' dir='ltr' id='par_1_5' title="bbox 0 0 1464 4778">
     <span class='ocr_line' id='line_1_35' title="bbox 0 0 1464 4778; baseline 0 0"><span class='ocrx_word' id='word_1_296' title='bbox 0 0 1464 4778; x_wconf 95' lang='lat' dir='ltr'> </span> 
     </span>
    </p>
   </div>
  </div>
 </body>
</html>
