2910 4778
621 343 824 391 scurrantis.

148 510 154 526 ·
246 522 252 539 ·
318 554 326 570 .
406 498 605 570 Amicitiae
634 497 881 586 immortdles

406 621 570 694 rrioridles
597 626 674 694 sint
702 623 937 695 inimicitiae.

314 866 321 880 .
405 809 565 902 Quisque
594 809 642 881 ad
671 807 732 881 md
759 809 986 883 nouissimus

404 931 556 1007 uenerit
584 934 724 1006 habeat
751 935 927 1007 scabiem.

321 1178 329 1193 .
408 1120 577 1193 Hiberno
606 1121 763 1214 puluere
792 1121 872 1193 ldto
901 1121 1021 1194 uerno

405 1246 564 1338 grandia
591 1245 705 1334 farra,
735 1246 895 1334 camille,
924 1246 1059 1319 metes

315 1489 323 1504 .
406 1431 645 1526 Religentem
675 1431 755 1504 esse
784 1432 950 1526 oportet,

404 1549 601 1650 religidsus
629 1554 678 1631 ne
706 1558 799 1629 sues,
1282 1556 1296 1596 ⁵⁶

476 1732 690 1738 ---—.-——.——
952 1732 975 1736 —
980 1730 1297 1738 --Q—h--s——n

244 1810 302 1877 60.
349 1815 483 1874 Liuius
518 1815 570 1874 XL
606 1818 658 1875 46.
698 1816 736 1873 12
774 1815 914 1884 '’Albani,
946 1815 1298 1887 di1·utaAlba,Romam

135 1906 267 1964 traducti
301 1909 387 1975 sunt3
423 1904 522 1962 Latini
557 1905 658 1963 Sabini
692 1904 721 1962 in
757 1904 909 1963 ciuitatem
933 1905 1056 1980 accepti.
1102 1907 1299 1982 uulgatum

137 1994 223 2063 illud,
259 1994 329 2070 quie
363 2013 469 2052 uerum
504 1996 577 2064 erat,
614 1995 650 2051 in
674 1994 924 2069 prouerbium
947 1994 1073 2063 uenit,
1101 1995 1299 2054 'amicitias

135 2083 376 2142 immortales
400 2078 544 2141 mortales
566 2083 734 2141 inimicitias
759 2083 864 2141 debere
888 2087 1000 2140 esse”’.
1047 2084 1119 2158 quia
1142 2083 1256 2154 Liuius,
1270 2087 1300 2141 ut

133 2173 210 2230 solet
243 2176 387 2230 nontam
413 2172 506 2230 uerba
530 2192 620 2247 quum
643 2171 819 2231 sententiam
843 2172 1015 2247 exprimere,
1040 2172 1102 2230 sine
1127 2173 1219 2232 dubio
1240 2191 1298 2249 pro·

135 2261 273 2319 uerbium
306 2261 428 2336 paulum
463 2262 603 2332 mutauit,
638 2280 693 2337 pro
723 2261 840 2319 'debent
863 2265 933 2343 esse’
958 2260 1084 2319 fortasse
1108 2261 1300 2327 scribendum,

133 2355 170 2409 ut
192 2350 304 2426 scripsi,
330 2351 419 2420 ’sint’,
443 2349 506 2409 siue
528 2350 614 2408 malis
637 2350 738 2408 sient
760 2350 997 2425 monosyllabum
1019 2350 1083 2409 siue
1107 2350 1282 2410 breuiatum.

245 2460 303 2527 61.
350 2465 570 2543 Porphyrio
597 2466 634 2524 ad
658 2465 730 2524 Hor.
755 2485 802 2540 ep.
826 2465 857 2523 ll
881 2466 910 2522 3.
937 2463 999 2522 417
1026 2469 1193 2542 ’''occupet
1216 2471 1299 2525 extre·

137 2556 219 2614 nium
243 2555 377 2614 scabies’.
423 2556 479 2614 hoc
502 2574 537 2613 er
560 2557 629 2613 lusu
651 2574 813 2630 puerorum
837 2554 969 2624 sustulit,
994 2554 1046 2630 qui
1061 2555 1200 2614 ludentes
1215 2556 1302 2614 solent

136 2646 247 2704 dicere:
283 2644 317 2714 Q.
355 2644 399 2703 ad
429 2664 482 2702 me
508 2675 545 2682 -
572 2643 770 2702 scabiem”.
797 2674 837 2681 -
863 2635 1004 2721 quisque]
1028 2639 1162 2722 scripsi:
1178 2643 1301 2720 quisquis

136 2727 253 2813 Porph.
279 2753 460 2808 quamquam
484 2738 583 2791 tamen
607 2752 728 2790 uersum
753 2732 793 2790 sic
816 2733 956 2790 scandere
980 2732 1049 2791 licet
1064 2733 1127 2791 sine
1142 2735 1207 2792 ulla
1223 2733 1300 2793 offen·

132 2823 231 2882 sione:
267 2822 445 2898 quisquis
481 2818 526 2880 dd
554 2825 605 2880 me
629 2842 657 2879 n.
684 2852 725 2860 —
750 2821 886 2880 omnibus
909 2821 1009 2879 uerbis
1032 2822 1224 2898 transpositis
1246 2841 1300 2897 sep·

135 2912 281 2970 tonarium
317 2910 484 2970 elaborauit
507 2910 581 2970 Luc.
606 2911 777 2969 Muellerus.
825 2911 900 2968 alter
923 2929 1027 2969 uersus
1050 2911 1241 2986 logaoedicus
1262 2915 1301 2968 est

132 2995 386 3076 (Pherecratem).

241 3111 300 3176 62.
346 3117 490 3174 Paulus
524 3135 567 3174 ex
601 3115 716 3176 Festo
739 3136 768 3191 p.
795 3117 835 3174 93
861 3110 991 3190 M=p
1017 3118 1057 3174 66
1086 3109 1143 3173 'lla
1169 3111 1206 3174 de
1228 3110 1298 3173 Pcu.

134 3205 217 3263 ”Alii
241 3205 344 3264 dicunt
366 3224 466 3264 omnes
489 3223 597 3280 pueros
622 3205 659 3262 ab
684 3204 814 3280 antiquis
839 3205 1014 3267 camillos
1038 3206 1214 3281 appellatos,
1230 3204 1300 3264 sicut

134 3295 263 3352 habetur
298 3294 328 3352 in
360 3293 525 3369 antiquo
549 3293 731 3363 carmine,
757 3312 847 3369 quom
870 3297 956 3369 puter
979 3293 1038 3352 filio
1063 3295 1099 3351 de
1122 3293 1299 3370 agricultura

135 3384 337 3459 praeciperet:
363 3383 544 3441 'Hiberno
569 3412 607 3422 -·
634 3385 796 3440 metes'’'.
826 3417 860 3424 -
888 3381 1164 3457 MacrobiusV
1189 3380 1297 3441 20.18

135 3472 186 3530 ’'in
209 3472 287 3532 libro
310 3472 581 3532 uetustissimomm
606 3471 780 3542 carminum,
806 3470 857 3546 qui
881 3474 949 3529 ante
966 3471 1064 3529 omniu
1081 3491 1160 3546 quae
1176 3491 1194 3529 a
1208 3469 1298 3530 latinis

130 3561 244 3637 scripta
268 3565 339 3620 suut
362 3561 541 3636 compositus
557 3560 719 3626 ferebatur,
736 3559 889 3618 inuenitur
905 3561 960 3619 hoo
975 3560 1120 3618 rusticum
1136 3564 1225 3619 uetus
1241 3558 1298 3618 cau·

132 3650 242 3710 ticum:
269 3650 453 3709 ’Hiberno
481 3685 515 3693 —
536 3652 703 3709 metes”’.
726 3683 759 3692 —
780 3647 982 3707 Gomment.
1000 3648 1299 3725 Seruianusple·

132 3739 217 3799 nior
240 3758 284 3798 ex
308 3739 384 3798 cod.
409 3738 598 3798 Lemouic.
624 3739 668 3796 ad
691 3737 802 3814 Verg.
826 3737 862 3797 G.
886 3737 901 3795 I
926 3737 986 3796 101
1014 3737 1076 3796 ”st
1098 3743 1299 3797 estuarmeu

133 3828 370 3888 rusticorum
396 3827 612 3902 antiquum:
639 3827 809 3886 ’hiberno
833 3857 872 3866 -
891 3829 1058 3885 metes.'‘'.
1081 3860 1115 3869 „
1136 3827 1258 3887 Pliu.h.
1274 3846 1298 3884 n.

130 3917 219 3976 XVII
247 3918 298 3976 14.
324 3948 361 3956 -
388 3933 419 3975 u.
446 3913 475 3975 1.
500 3916 624 3975 dimeter
647 3917 862 3992 anapaesticus
886 3931 918 3975 u.
942 3912 972 3974 2.
990 3915 1060 3973 dim.
1077 3914 1190 3992 dactyl.
1225 3919 1300 3975 luto

130 4004 264 4078 uerno]
292 4000 358 4065 Za:
379 4025 473 4066 uerno
497 4004 620 4078 (uerene
645 3998 684 4067 Pi
714 3999 874 4080 Macrobi)
897 4005 962 4063 luto
986 3998 1068 4075 libri,
1093 4005 1179 4075 nullo
1201 4010 1300 4064 metro.

134 4126 174 4135 -
198 4091 285 4155 lust
312 4114 367 4172 pro
390 4093 571 4172 pyrrhichio.

239 4205 299 4272 68.
345 4210 496 4271 Gellius
529 4210 573 4269 IV
609 4210 638 4268 9.
677 4209 692 4268 1
725 4208 928 4285 ”Nigidius
952 4208 1119 4285 Figulus
1149 4245 1184 4280 ,-
1216 4209 1303 4267 —in

27 4342 30 4347 -
133 4300 291 4363 undecimo
327 4299 607 4361 commentariorum
641 4299 907 4375 grammaticorum
941 4317 1061 4356 uersum
1085 4317 1120 4356 ex
1146 4299 1305 4375 antiquo
