2934 4778
520 306 590 354 css.
608 307 652 353 ιν.
671 299 687 366 c
709 307 785 354 1-2.
1148 309 1238 357 xxxv

52 472 172 544 Ductu
199 479 342 565 inspicio
364 479 563 564 imperiopue
579 479 591 561 ss
608 477 687 546 dius
712 477 853 546 Achttic
876 479 985 567 cctpts
1000 480 1013 564 11
1029 480 1160 548 Corinto
1183 481 1239 547 de·

55 594 132 660 leto
150 595 162 678 ΙΙ
177 594 314 660 Romaim
349 594 465 660 redioit
499 593 701 679 trii‘imphcns
718 594 730 677 ΙΙ
746 593 796 660 Ob
830 594 926 661 hisce
953 601 1004 662 res
1028 597 1239 683 benegesto·

57 705 79 797 Η
103 712 187 795 quod
211 711 344 775 uouers‘t
366 711 401 775 in
426 709 519 775 hello.

170 826 354 893 Secunda
376 825 476 891 thesis
500 828 533 889 et
556 847 627 891 raro
650 826 861 911 supprimitur
882 847 986 912 nequo
1007 845 1160 912 umquam
1176 827 1239 893 nisi

52 963 235 1027 suppressa
261 942 357 1007 simul
382 941 524 1007 ultima
547 941 641 1021 thesi,
664 943 698 1006 id
721 946 770 1007 est
792 943 826 1006 in
848 942 925 1007 colis
948 965 970 1008 a
992 946 1025 1007 ct
1047 943 1085 1023 t;
1108 965 1145 1009 ex
1167 944 1239 1028 qui-

56 1057 124 1123 bus
147 1057 319 1143 generibus
342 1057 377 1122 hi
400 1060 522 1123 exstent
545 1079 655 1122 uersus
678 1058 836 1123 monocoli
858 1058 956 1123 tales:

107 1195 145 1240 ao
192 1173 356 1258 Comprec.
382 1175 456 1239 2.2
502 1172 596 1238 Saliis
618 1173 672 1238 hic
695 1177 822 1240 moneto

269 1340 281 1369 „
378 1289 454 1353 4.4
502 1289 598 1354 Sotiir
620 1289 655 1354 fc
678 1290 745 1354 fore
768 1289 896 1355 Micon

110 1405 149 1472 bo
195 1404 307 1470 Dedic.
333 1407 363 1470 7.
389 1405 407 1470 7
506 1403 589 1469 hinc
613 1406 725 1470 cedem
748 1409 780 1470 et
802 1409 898 1491 signu

174 1519 394 1586 Setumiorum
417 1519 619 1586 hemistichia
641 1521 720 1585 talia
742 1521 839 1586 retuli
861 1521 895 1585 in
918 1544 992 1607 pag.
1016 1520 1068 1586 111
1091 1545 1138 1607 sq.

174 1635 223 1701 Ac
259 1658 299 1701 ne
326 1637 449 1701 tertis
471 1637 600 1720 quidem
623 1637 676 1701 uol
699 1638 936 1720 pacnultma
958 1638 1059 1704 thesis
1082 1639 1240 1723 supprimi
1336 1640 1339 1645 ’

61 1751 150 1826 solet
173 1752 233 1816 nisi
258 1751 335 1817 colis
358 1752 422 1816 illis
446 1773 466 1815 o
488 1755 522 1816 et
544 1751 570 1835 b,
595 1774 728 1835 quorum
752 1774 923 1837 suppressa
946 1757 995 1819 est
1012 1754 1133 1819 ultima.
1171 1777 1240 1820 mo—

63 1869 169 1933 nocoli
192 1869 407 1932 talesuersus
430 1870 521 1933 sunt:

113 2004 149 2051 se
197 1982 284 2048 Sent.
310 1985 362 2048 70.
387 1985 418 2048 2.
442 1986 463 2048 3
527 1982 646 2048 ferocis
669 1983 774 2067 petrict

196 2098 295 2165 Sortis
319 2100 380 2165 80.
404 2101 423 2163 2
528 2121 626 2183 quam
648 2103 774 2164 uonerit
796 2100 899 2164 fcitum

198 2215 363 2300 Comprcc.
387 2218 418 2280 9.
443 2216 484 2279 26
528 2191 678 2280 Hsri'mce
702 2220 806 2280 rerum
831 2221 910 2302 orgo

273 2382 285 2412 „
398 2382 410 2412 ,‚
443 2331 485 2395 29
528 2331 685 2396 Ιηεὺτάηᾶί
711 2331 866 2415 listrique

199 2447 311 2512 Dedic.
337 2447 367 2512 7.
391 2449 412 2512 3
531 2445 662 2512 Cocinto
685 2446 790 2511 deleto

200 2564 292 2649 Elog.
320 2564 370 2628 14.
397 2564 413 2627 1
529 2562 608 2627 Heis
631 2566 706 2626 scint
728 2563 790 2626 duo
813 2564 982 2628 concordes

242 2731 254 2759 „
337 2730 349 2759 „
396 2682 416 2746 3
528 2678 661 2744 honesto
683 2678 793 2743 felices

240 2847 253 2876 „
319 2796 414 2861 16.3
527 2795 661 2859 dedicta
688 2816 757 2859 sum
781 2773 921 2859 homilis

104 2903 153 2980 hs
197 2910 298 2977 Sortis
322 2913 397 2977 3.2
528 2911 694 2995 grstiim)
716 2914 810 2976 nemo

199 3027 361 3112 Comprec.
409 3027 438 3091 9.
487 3028 505 3091 5
530 3024 647 3100 Quoius
671 3026 719 3090 rei
742 3030 819 3110 crgo

273 3195 285 3223 „
416 3194 428 3223 ‚,
486 3141 806 3226 8circumeg1‘i1issi

273 3310 286 3340 „
417 3310 429 3339 ,‚
463 3260 505 3323 22
528 3258 618 3322 solua
640 3257 778 3322 scrucisis

273 3427 285 3455 „
384 3376 435 3439 16.
467 3374 503 3439 *1
528 3371 598 3439 Nec
622 3376 707 3457 pan‘t
729 3373 816 3438 mitta

197 3492 292 3577 Elog.
317 3493 369 3558 30.
394 3494 413 3555 2
526 3491 647 3556 fomins
669 3490 768 3553 silue.

176 3608 397 3674 Saturniorum
420 3605 624 3670 hemistichia
647 3604 743 3670 retuli
766 3605 844 3669 tolia
866 3605 899 3669 in
923 3626 998 3690 pag.
1022 3601 1157 3669 III-V.

178 3822 196 3904 ξ
222 3824 252 3885 2.
298 3818 342 3886 ΙΙ.
387 3815 533 3904 Longas
556 3818 685 3886 theses
708 3819 861 3884 iambicos
886 3825 917 3884 et
932 3819 1112 3884 trochaicos
1129 3839 1239 3884 uersus

72 3938 194 4005 italicos
218 3937 385 4001 admittere
410 3937 443 3999 in
466 3956 573 4000 omnes
597 3936 688 3999 sedes
711 3938 840 4019 praeter
861 3935 1007 3999 ultimam
1029 3935 1106 3999 satis
1129 3935 1241 4019 cogni·

67 4060 137 4121 tum
172 4056 230 4117 est.
276 4075 340 4136 que
373 4052 407 4117 in
441 4073 475 4116 re
510 4051 606 4134 prisci
642 4054 753 4134 poetae
789 4051 908 4115 scenici
931 4073 1049 4116 morem
1072 4053 1241 4114 secuerunt

64 4170 287 4239 domesticum.
