2910 4778
531 325 600 370 CAP.
620 324 677 369 VII.
698 316 713 381 ξ
734 325 757 370 7.
1100 322 1230 370 CXXXIII

168 495 230 560 Sed
254 497 292 560 de
317 498 386 560 ded.
412 499 442 560 4.
469 498 487 559 6
520 501 552 560 εὴ
576 498 658 581 elog.
683 499 712 561 2.
739 500 758 561 3
782 498 859 560 satis
884 497 1002 559 dictum
1027 499 1075 559 est
1098 497 1229 560 adnota-

56 612 145 676 tione
168 613 208 675 iis
232 614 376 676 uersibus
400 614 553 678 subiecta.

166 845 184 926 §
209 845 239 908 8.
286 845 384 930 Ergo,
409 848 444 908 ut
468 844 715 928 complectamur
738 867 893 908 summam
918 866 1024 908 eorum
1048 865 1128 927 quae
1145 866 1229 908 nuno

55 961 221 1044 disputata
244 965 327 1040 sunt,
352 961 510 1044 correptio
534 962 699 1044 anapaesti
722 964 755 1023 et
777 961 886 1025 cretici
901 961 935 1023 in
951 961 1096 1024 uersibus
1111 959 1230 1023 italicis

55 1077 199 1159 antiquis
222 1100 284 1141 non
309 1078 478 1141 admodum
501 1077 563 1139 fuit
587 1080 727 1160 accepta.
776 1098 813 1139 ea
841 1077 925 1139 enim
949 1075 1078 1139 licentia
1102 1080 1134 1139 εὴ
1156 1098 1230 1139 rara

53 1193 121 1256 fuit
155 1214 214 1255 nec
238 1194 315 1256 satis
340 1193 495 1276 permissa
518 1193 580 1255 nisi
604 1214 736 1255 numero
760 1193 963 1275 anapaestico
989 1228 1030 1236 -
1054 1193 1109 1275 qui
1133 1193 1229 1255 etiam

54 1308 93 1371 in
117 1307 275 1372 Saturniis
299 1309 438 1391 aliquem
461 1307 564 1373 locum
580 1309 679 1372 habet
695 1334 751 1385 -3
769 1309 953 1391 ceteroquin
968 1309 1120 1372 inusitata
1136 1330 1231 1390 prae·

51 1427 205 1507 terquam
240 1425 282 1487 in‘
296 1425 475 1507 prouerbiis
499 1425 625 1488 rusticis
650 1429 682 1487 et
705 1425 849 1488 uersibus
873 1424 1042 1487 inconditis
1065 1424 1229 1487 titulorum

57 1541 270 1624 quorundam.

166 1656 268 1720 Multo
293 1658 444 1720 maiorem
479 1657 584 1720 locum
608 1657 706 1721 babet
730 1657 887 1739 correptio
911 1656 1020 1733 iambi,
1045 1678 1140 1737 quam
1163 1655 1230 1718 usi-

53 1775 164 1849 tatam¹
184 1773 280 1836 fuisse
305 1777 337 1835 et
361 1794 560 1836 communem
585 1773 697 1855 priscis
722 1772 915 1836 ltitsohelius
940 1793 991 1855 op.
1008 1769 1055 1834 IV
1072 1771 1136 1834 405
1153 1793 1228 1834 uere

54 1888 146 1952 dicit.
193 1889 308 1971 quibus
343 1893 449 1952 autem
484 1889 629 1952 terminis
664 1888 834 1952 definiatur
868 1887 1010 1951 breuiter
1039 1887 1144 1950 dicere
1167 1909 1229 1950 non

38 2004 122 2067 ,erit
157 2003 305 2067 alienum.
352 2026 545 2088 quamquam
569 2004 669 2090 igitur
693 2004 732 2067 ad
756 1989 814 2066 lias
838 2004 1039 2086 quaestiones
1063 2002 1151 2065 nulla
1175 2003 1228 2065 ad-

53 2117 150 2184 hibui
185 2119 331 2202 exempla
365 2121 427 2183 nisi
451 2143 488 2183 ea
512 2142 593 2203 quae
618 2121 658 2183 ad
682 2120 910 2182 dimensionem
933 2141 1080 2182 uersuum
1106 2118 1229 2181 italico-

53 2257 140 2313 rum,
165 2236 203 2299 de
227 2237 341 2318 quibus
365 2258 488 2319 quoque
511 2237 580 2300 loco
605 2237 771 2320 agebatur,
796 2235 1045 2299 confirmandam
1066 2256 1145 2316 opus
1162 2256 1231 2297 esse

56 2351 261 2428 uidebantur,
296 2354 404 2414 tamen
435 2355 551 2430 cetera,
576 2353 603 2415 si
628 2374 709 2434 quae
732 2351 784 2415 uel
809 2375 827 2414 a
851 2350 932 2415 CFG
954 2350 1109 2414 Muellero
1133 2350 1232 2412 allata

56 2470 133 2530 sunt
158 2466 209 2529 uel
231 2467 310 2530 milii
335 2468 495 2547 adnotata,
519 2467 600 2531 nihil
624 2468 733 2531 ualent
757 2468 796 2530 ad
819 2467 972 2531 mutanda
996 2469 1051 2529 aut
1074 2466 1230 2529 elenando

56 2604 97 2645 ea
121 2583 304 2665 quaeipsis
328 2583 597 2666 disputationibus
624 2584 773 2648 Muelleri
797 2583 849 2646 uel
873 2584 987 2646 effecta
1010 2584 1083 2645 sunt
1106 2581 1157 2645 uel
1182 2581 1232 2644 ef-

56 2698 112 2761 fici
136 2702 276 2781 possunt.
324 2721 404 2782 quae
429 2722 500 2763 cum
525 2700 564 2764 ad
588 2701 698 2784 poesin
721 2700 896 2764 saturniam
920 2698 1093 2762 transferre
1117 2698 1229 2761 studeo

57 2817 221 2877 auctorem
245 2837 360 2897 sequor
383 2815 554 2880 Havetum.

166 3043 291 3110 Natura
324 3047 440 3132 longae
472 3048 613 3131 syllabae
638 3048 851 3131 corripiuntur
874 3047 979 3110 nullae
1003 3047 1064 3109 nisi
1088 3045 1229 3110 ultimae.

56 3161 167 3245 itaque
191 3163 353 3226 nonlicet
377 3163 482 3226 dicere
507 3185 578 3227 cum
605 3163 727 3227 Havete
753 3162 894 3226 '’ferdcia
914 3160 1050 3246 pariat’'‚
1067 3183 1130 3225 non
1147 3159 1230 3225 ”tibi

58 3278 145 3341 dtier
168 3276 268 3341 uita’'.
316 3283 411 3362 atque
436 3280 531 3342 etiam
555 3280 588 3342 in
612 3280 793 3363 anapaestis
817 3279 980 3343 dubitoan
994 3278 1111 3341 iniuria
1126 3276 1242 3363 Mue17

56 3391 144 3457 lerus
169 3396 201 3457 εὴ
224 3392 412 3479 Spengelius
437 3395 498 3459 dici
522 3395 624 3459 uelint
648 3394 803 3460 ”amabo''
828 3398 860 3457 et
883 3416 914 3477 q.
938 3416 962 3458 s,
977 3394 1044 3457 eius
1057 3416 1088 3478 g.
1104 3429 1145 3438 -
1159 3392 1228 3458 CIL

55 3507 104 3573 XI
140 3509 205 3573 575
241 3507 312 3574 ”Ita
347 3511 533 3574 candidatus
567 3511 631 3575 fiat
662 3511 834 3575 honoratus
857 3508 950 3573 tuus'’
975 3509 1142 3573 dicendum
1168 3511 1226 3586 est,

55 3646 119 3690 non
145 3623 216 3688 ”Ita
240 3627 425 3690 candidatus
449 3626 710 3690 machamatus
734 3627 839 3690 tuus'‘.

166 3741 216 3804 Ac
245 3763 285 3805 ne
308 3743 465 3824 positione
489 3743 618 3826 quidem
642 3743 859 3826 producuntur
881 3740 964 3805 ullae
989 3739 1131 3824 syllabae
1156 3741 1230 3802 ''ra-

54 3856 202 3921 dicarem
226 3856 286 3919 nisi
310 3857 452 3936 ultimae,
488 3862 712 3941 praeterquam
735 3858 765 3921 in
792 3856 956 3940 particulis
981 3860 1013 3920 et
1035 3855 1231 3939 pronomini-

54 3974 127 4038 bus.
175 3975 212 4035 ut
236 3973 307 4056 'ego
330 3973 499 4052 bccludor'‚
525 3975 751 4058 'gubtrnator'‚
770 3973 944 4036 'satellites’
964 3972 1026 4036 'abi
1044 3971 1149 4054 atque'
1167 3970 1230 4032 dici

51 4090 179 4173 potest3
217 4086 390 4164 ''remitte”
427 4089 489 4151 dici
523 4111 586 4152 non
610 4092 726 4172 potest.
774 4089 815 4151 'in
841 4088 942 4151 annis’
967 4086 1036 4151 CIL
1060 4083 1141 4150 VIII
1166 4085 1230 4148 646

51 4205 89 4270 in
126 4201 288 4267 maesoleo
323 4199 476 4267 Iuliorum
511 4204 665 4268 Africano
701 4204 916 4268 barbarismus
953 4205 1009 4266 est.
1060 4212 1119 4264 nee
1154 4223 1231 4264 uero
