2910 4778
127 304 187 350 XIV
628 302 673 348 Du
691 303 721 349 V.
740 302 810 348 SAT.

127 478 249 555 orum'’,
273 477 387 560 inquit,
411 476 588 560 ”originem
610 476 746 559 primam
770 497 862 540 nemo
885 481 1030 541 ueterum
1053 478 1188 542 tradidit
1202 500 1310 564 neque

128 593 232 677 legem
259 590 412 656 certam’'.

234 706 375 772 Transeo
397 708 498 793 igitur
522 709 561 772 ad
584 709 717 772 inuenta
740 710 1030 775 recentiorum.

234 824 312 888 Tres
336 828 369 888 et
392 825 596 909 septuaginta
619 829 693 888 sunt
716 825 798 888 anni·
813 847 886 888 cum
909 849 928 889 a
951 825 1183 891 Godofredo
1199 826 1308 892 Her·

129 962 269 1004 manno
287 941 311 1023 ¹)
350 941 591 1004 fundamentum
629 941 802 1004 scansionis
841 946 936 1025 atque
970 963 1138 1006 mensurae
1172 943 1206 1006 in
1244 942 1306 1008 hoc

129 1079 247 1140 genere
286 1057 425 1140 positum
464 1060 521 1121 est.
579 1057 663 1140 quod
700 1057 944 1120 fundamentum
978 1057 1038 1120 etsi
1073 1058 1204 1121 fuerunt
1240 1081 1307 1124 non

131 1175 224 1257 pauci
251 1174 306 1257 qui
329 1173 382 1237 uel
405 1173 537 1267 consilio
561 1173 648 1236 ducti
671 1173 723 1236 uel
746 1173 927 1237 temeritate
952 1174 1028 1237 elati
1051 1196 1181 1238 mouere
1205 1196 1306 1239 cona·

6 1296 8 1301 '
126 1293 246 1366 rentur,
281 1294 388 1352 tamen
423 1290 540 1352 mansit
575 1293 744 1371 manetque
781 1290 916 1352 firmum.
964 1293 997 1353 at
1031 1294 1101 1372 post
1135 1313 1187 1354 res
1209 1293 1306 1355 tarde.

129 1407 291 1489 prooessit.
327 1428 409 1488 quae
444 1427 505 1468 non
540 1405 633 1469 modo
665 1406 805 1468 nondum
828 1405 988 1488 perpolita
1011 1407 1066 1470 sed
1089 1429 1129 1470 ne
1154 1408 1307 1472 exaedifi-

69 1548 82 1577 ν
127 1526 198 1585 cata
222 1523 351 1606 quidem
375 1525 432 1585 est.

233 1638 333 1715 Haeo,
358 1642 511 1720 quantum
535 1637 638 1712 uideo,
663 1641 736 1720 post
762 1636 980 1700 Hermannum
1004 1638 1167 1720 explorata
1190 1643 1278 1704 sunt.

234 1752 401 1817 Carolus
425 1752 653 1816 Odofredus
677 1752 892 1834 Mueller-²)
917 1753 977 1817 duo
1001 1758 1034 1816 et
1055 1775 1093 1817 ea
1107 1755 1307 1838 grauissima

126 1871 265 1934 inuenit:
302 1891 422 1954 posse
457 1869 563 1932 theses
598 1869 764 1952 supprimi,
802 1873 841 1944 et,
867 1869 950 1951 quod
974 1869 1102 1953 quidem
1125 1871 1159 1933 in
1182 1893 1306 1956 magna

75 2000 78 2005 ’
128 1991 177 2049 est
200 1985 426 2059 controuersia,
452 2007 519 2048 esse
544 1984 642 2047 etiam
665 1984 823 2048 saturnios
846 1985 914 2047 sine
939 1985 1094 2048 anacrusi.
1138 2008 1213 2050 uere
1234 1986 1304 2051 Ha-

127 2106 217 2165 vetus
253 2103 290 2165 de
326 2099 474 2165 Saturnio
508 2124 539 2183 p.
577 2102 592 2163 1
632 2100 819 2178 ''Duobus''‚
854 2100 968 2183 inquit,
1005 2101 1198 2184 ”praecipue
1222 2104 1306 2167 uiris

127 2218 270 2327 quisguis
305 2219 345 2281 ad
379 2216 592 2301 cognitionem
627 2216 760 2279 saturnii
783 2217 907 2291 numeri
931 2231 999 2280 sese
1024 2218 1166 2300 applicat
1189 2222 1306 2303 gratus

129 2355 196 2397 esse
233 2334 343 2397 debet:
380 2332 491 2397 Caesio
527 2331 625 2396 Basso
659 2329 797 2395 Neronis
832 2332 958 2415 aequali
993 2355 1032 2396 ex
1068 2333 1241 2415 ueteribus,
1268 2358 1305 2400 ex

127 2450 355 2513 recentioribus
380 2448 491 2513 Carolo
514 2446 672 2512 Odofredo
695 2446 831 2511 Mueller
854 2448 1036 2513 doctissimo
1059 2447 1253 2516 Germano”.

234 2565 398 2629 R-itschl
413 2565 439 2643 ³)
465 2564 696 2628 demonstrauit
720 2566 933 2649 cognitionem
948 2589 1059 2630 uersus
1075 2568 1209 2630 saturnii
1226 2591 1305 2652 pro-

126 2683 225 2746 ticisci
261 2682 376 2746 debere
411 2706 430 2745 a
465 2682 645 2766 cognitione
679 2681 853 2745 titulorum.
901 2681 990 2746 ldem
1026 2686 1058 2746 et
1088 2683 1306 2748 Mommse-

128 2821 198 2863 nus
214 2799 240 2880 ⁴)
276 2799 450 2883 cognitioni
484 2797 649 2861 titulorum
673 2819 782 2861 eorum
805 2798 860 2880 qui
885 2799 923 2861 ad
947 2798 1006 2862 hoo
1031 2798 1204 2863 adhibendi
1226 2807 1306 2864 sunt

128 2914 263 2977 maxime
287 2915 425 2979 omnium
449 2913 647 2997 profuerunt.

235 3029 467 3094 Buecheler
492 3029 722 3093 demonstrauit
744 3030 921 3093 saturnium
945 3051 1072 3094 uersum
1096 3031 1232 3095 diaeresi
1256 3033 1306 3096 di-

128 3146 195 3209 uidi
230 3146 331 3210 solere
366 3146 399 3209 in
435 3147 496 3210 duo
519 3145 732 3223 hemistichia,
778 3143 867 3208 Idem
890 3168 981 3209 usum
1004 3145 1111 3210 theses
1134 3147 1306 3213 interiores

129 3261 346 3344 supprimendi
369 3262 512 3325 terminis
536 3262 711 3344 prudenter
734 3261 912 3324 constitutis
936 3261 1196 3345 circumscripisit
1226 3264 1251 3344 ).

242 3475 265 3558 ¹)
290 3482 325 3541 G.
363 3481 524 3552 Hermann,
560 3483 714 3540 Elementa
749 3481 899 3540 doetrinae
923 3481 1072 3540 metricae.
1097 3481 1178 3558 Lips.
1204 3481 1304 3544 1816.

130 3593 160 3648 p·
186 3572 322 3732 6062)ss
359 3658 393 3717 Ο.
429 3661 554 3718 Mueller
588 3660 618 3717 in
653 3660 698 3718 ed.
720 3659 771 3758 .M.
796 3658 926 3717 Terentii
949 3660 1092 3718 Varronis
1116 3659 1151 3717 de
1174 3661 1195 3718 l.
1219 3661 1240 3717 l.
1266 3660 1303 3721 L.

134 3750 216 3808 1833
239 3771 271 3909 li
288 3749 403 3897 ridden
417 3748 500 3896 iiii
516 3748 727 3896 liuddaiisll
751 3747 1059 3913 listigiisijiip
1087 3837 1131 3894 ru
1147 3857 1176 3913 p.
1196 3837 1236 3894 aa
1255 3857 1301 3914 sq.

239 3921 264 3999 4)
288 3927 402 3986 Bitschl
430 3927 484 4004 Op.
509 3927 553 3984 IV
577 3932 607 3985 et
629 3927 709 3985 Mon.
733 3926 846 4001 priscae
869 3928 922 3985 lat.
951 3962 985 3969 —
1013 3927 1213 3985 Mommsenns
1237 3926 1304 3988 GH.

132 4019 155 4088 Ι,
180 4017 452 4178 mlleiueclreler
474 4099 579 4163 Ialrrb.
604 4099 634 4162 d.
658 4100 749 4163 class.
774 4094 859 4166 Phil.
886 4105 969 4164 1863
987 4126 1016 4181 p.
1034 4104 1096 4162 330
1114 4124 1179 4179 sqq.
1218 4104 1304 4165 Idem

132 4196 195 4254 lud.
231 4196 322 4255 schol.
348 4199 420 4254 aest.
445 4194 541 4254 Bonn.
569 4193 663 4253 1876.
710 4213 744 4252 ea
766 4197 865 4252 tamen
889 4195 1050 4253 morosiore
1072 4212 1145 4252 usus
1169 4196 1213 4252 est
1237 4194 1302 4253 dili·

130 4285 231 4362 gentia
267 4285 347 4360 quod
381 4303 448 4343 cum
483 4285 559 4342 hanc
587 4283 769 4342 scansionem
794 4283 923 4342 ’Ma'arco
947 4282 1123 4342 Caioilio’
1147 4283 1302 4358 probaret,
