2910 4778
700 1115 856 1188 CAPVT
883 1116 932 1189 Π.

543 1266 605 1347 De
632 1267 826 1349 uersibus
853 1266 1090 1350 monocolis.

347 1465 468 1533 Versus
502 1465 663 1550 simplices
696 1465 798 1531 italici
831 1470 906 1531 sunt
939 1466 1119 1552 generatim
1144 1469 1405 1551 quaternarii

234 1585 290 1647 aut
315 1581 562 1647 acatalectiaut
585 1580 773 1646 catalectici.
819 1579 1033 1658 Quaternis
1057 1582 1143 1646 enim
1165 1583 1331 1649 arcibus
1346 1606 1405 1650 non

232 1698 326 1764 modo
362 1697 537 1762 acatalecta
569 1697 747 1762 sedetiam
770 1697 1140 1763 catalecticacolafere
1163 1699 1292 1782 percuti
1315 1699 1405 1765 solita

232 1835 300 1879 esse
333 1813 367 1878 in
395 1812 551 1879 cantando
573 1813 702 1896 quidem
726 1813 902 1896 antiquitus
925 1835 997 1878 cum
1020 1816 1181 1879 structura
1202 1814 1404 1902 intellegitur

229 1933 298 1993 tum
333 1951 370 1994 eo
404 1929 488 2013 quod
520 1929 554 1992 in
588 1929 726 2012 strophis
761 1928 906 1992 distichis
940 1928 1116 1994 carminum
1151 1927 1328 1996 Saliarium
1365 1935 1396 1996 et

232 2043 402 2108 Arualium
436 2043 612 2108 acatalecta
647 2044 716 2109 cola
743 2044 937 2109 catalecticis
960 2045 1164 2128 respondent.

234 2162 271 2224 ut
292 2159 327 2225 in
350 2158 498 2226 Carmine
521 2157 653 2225 Saliari:

231 2272 258 2339 I.
301 2274 422 2358 stroph.
470 2273 766 2340 0Za‘ulador1‘ese
790 2274 896 2341 omnis

468 2388 589 2455 Verom
613 2391 786 2475 sopanus
809 2395 926 2456 coemis
950 2413 984 2455 es
1007 2390 1117 2455 isaeus
1140 2387 1236 2455 lanes

234 2583 277 2651 II.
301 2585 422 2671 stroph.
469 2585 603 2651 Duonus
627 2585 725 2652 Gerus
749 2522 937 2666 stafilanum
951 2582 1057 2699 laniis
1343 2675 1348 2683 ι

466 2701 586 2769 Ventis
609 2702 782 2786 promerios
805 2703 914 2786 prome
931 2701 1001 2766 diris
1025 2706 1119 2767 esum
1143 2703 1301 2768 recumde.

290 2880 324 2944 in
348 2877 496 2945 Carmine
519 2881 655 2945 fratrum
679 2879 863 2945 Arualium:

232 2992 257 3058 l.
301 2995 423 3080 stroph.
469 2994 543 3062 Neu
565 2996 618 3060 lue
641 3000 697 3060 rue
719 2995 862 3061 Marmar

466 3112 538 3176 siris
561 3112 722 3177 incurrere
745 3110 782 3175 in
805 3111 939 3195 pliores.

230 3303 275 3372 Il.
298 3304 419 3390 stroph.
465 3305 561 3371 Satur
583 3308 618 3372 fri
641 3308 708 3372 fere
731 3306 870 3385 Mauors,

467 3422 541 3486 lime
564 3422 666 3488 ensali
688 3426 739 3487 sta
760 3423 886 3487 uerber.

342 3536 525 3622 Rhythmus
548 3539 698 3604 uniuersa
719 3541 835 3602 natura
858 3536 1089 3622 plerumque
1112 3541 1161 3603 est
1182 3538 1235 3603 uel
1249 3537 1412 3605 iambicus

232 3652 286 3719 uel
309 3651 499 3718 trochaicus.

338 3767 480 3847 Arses,
516 3769 634 3854 quippe
668 3769 783 3853 quibus
819 3790 990 3855 compages
1024 3768 1168 3854 rhythmi
1191 3769 1407 3852 contineatur,

231 3887 321 3949 certa
344 3885 418 3950 sede
441 3887 582 3964 manent,
606 3884 745 3949 theses
768 3906 896 3970 uagae
920 3887 1014 3965 sunt
1036 3888 1289 3968 possuntque
1312 3906 1411 3971 sup·

231 3999 371 4084 primi,
394 4022 468 4065 nec
490 4003 625 4065 tamen
649 3999 770 4065 simul
792 4022 925 4066 omnes
947 4021 1020 4064 nec
1043 4000 1102 4064 ita
1124 4002 1166 4066 ut
1188 3997 1411 4084 rhythmus

231 4116 361 4180 nimia
394 4114 597 4181 tarditate
632 4116 836 4181 consistat.
893 4115 1037 4180 thesibus
1074 4114 1254 4200 suppressis
1288 4138 1413 4202 magua

232 4235 282 4297 est
303 4231 453 4297 uarietas.
