2910 4778
578 314 648 361 car.
668 314 688 359 1.
708 306 723 372 e
743 315 767 359 a.
1224 312 1261 358 ix

192 488 236 552 Et
269 487 418 573 rhythmo
452 489 581 572 quidem
615 488 715 552 multo
742 488 880 551 deterior
903 487 964 550 erit
987 487 1147 550 saturnius
1170 486 1258 551 illius

83 605 212 690 generis
248 606 356 685 (a-l-a)
391 605 562 689 generibus
590 604 639 668 his
663 603 772 686 (ει-Η),
798 603 894 683 Μ),
919 602 1018 683 C-l—a.
1041 602 1152 686 D-l-a)
1175 626 1259 687 quae

82 722 203 785 usitata
237 721 335 784 fuisse
371 725 566 804 compertum
601 723 660 784 est.
705 741 779 783 uam
815 720 874 783 etsi
909 719 1079 802 principali
1107 718 1258 803 rhythmo

84 835 290 901 hemistichia
325 836 381 900 illa
405 836 548 900 saturnia
571 857 590 897 u
614 839 646 898 et
669 836 685 898 b
709 838 782 899 suut
805 838 1031 919 quaternorum
1054 836 1184 913 ictuum,
1208 840 1260 899 ta·

81 975 156 1017 men
192 956 352 1017 extremus
387 953 440 1017 uel
475 954 607 1036 quartus
642 953 723 1015 ictus
759 950 819 1016 coli
855 951 1033 1016 catalectici
1068 953 1130 1016 nisi
1161 955 1260 1016 cantu

82 1091 147 1133 nou
182 1069 277 1133 facile
314 1069 501 1151 exprimitur
518 1069 551 1145 ¹).
598 1068 655 1151 qui
689 1068 785 1131 etiam
815 1068 847 1130 in
872 1072 1105 1132 centuriatum
1129 1069 1258 1132 reifie·

83 1185 139 1249 bat
174 1186 289 1249 ceteris
323 1185 441 1249 leuior:
480 1185 634 1248 dabitat
669 1184 811 1247 mallim
836 1184 1008 1248 Metelli.
1055 1205 1125 1247 cum
1151 1189 1257 1248 autem

83 1322 212 1364 carmen
248 1301 411 1378 recitatur,
439 1301 534 1383 plane
558 1301 745 1364 obscuratur
769 1300 1004 1383 delitescitque‚
1029 1301 1083 1363 uix
1107 1305 1143 1364 ut
1167 1301 1259 1364 audi-

82 1421 171 1493 atur3
207 1417 316 1500 itaque
351 1416 538 1480 recitatione
575 1416 655 1479 fiunt
689 1416 772 1479 terni
809 1417 907 1480 ictus:
936 1416 1090 1480 dabunt
1113 1416 1259 1479 malum

80 1531 257 1610 Metelli,
297 1533 480 1616 pariterque
520 1530 677 1596 Naeuie
711 1535 866 1616 poetae.
923 1554 1004 1615 quae
1039 1534 1183 1596 membra
1219 1533 1247 1595 si

81 1649 299 1731 composueris
335 1649 501 1713 continuus
537 1649 597 1712 erit
632 1650 706 1713 ordo
730 1648 944 1712 sublatiouum
968 1648 1100 1731 paribus
1124 1648 1258 1730 positio-

81 1786 158 1828 num
182 1764 360 1828 interuallis
385 1765 569 1828 distinctus:

247 1881 401 1945 dabunt
423 1881 564 1944 malem
588 1880 750 1945 Metelli
774 1880 929 1944 Neeuie
952 1884 1100 1964 poetae

242 1997 337 2060 dent
360 1997 505 2060 malum
527 1997 687 2061 Metelli
711 1995 863 2060 Neeuie
887 2000 1070 2079 poetae„

77 2133 138 2176 nec
163 2134 226 2176 non
249 2112 337 2176 tertii
360 2114 487 2198 generis
511 2112 679 2196 rhythmus
703 2113 764 2176 erit
787 2116 977 2195 perpetuus:

241 2226 401 2292 Metelli
424 2227 581 2293 Naeuie
605 2230 754 2292 dabunt
777 2228 920 2292 malem
944 2230 1100 2311 poetae.

77 2342 129 2406 sin
153 2341 213 2407 hoc
237 2344 352 2408 feceris
376 2366 493 2429 genus:

243 2460 397 2524 dabunt
420 2461 566 2524 malum
589 2460 753 2525 Metelli
777 2460 967 2525 Cornelie
991 2465 1147 2545 poetae.

79 2573 226 2638 ''thesis'’
253 2573 378 2639 ''thesi’'
395 2576 421 2657 2)
446 2578 657 2641 continuatur.
694 2599 766 2640 nam
783 2577 864 2640 ictus
880 2578 1044 2660 utriusque
1061 2576 1256 2641 hemistichii

78 2696 224 2775 quartae,
260 2713 332 2755 cum
366 2693 408 2755 sit
442 2693 542 2757 multo
568 2693 679 2768 leuior,
704 2694 743 2756 ad
767 2693 944 2775 proximum
970 2696 1018 2756 est
1041 2693 1131 2775 quasi
1155 2692 1255 2756 thesis

76 2807 184 2870 instar
206 2806 381 2873 habendus,
418 2831 495 2892 ergo
519 2831 554 2872 ex
571 2809 715 2874 iambicis
732 2810 860 2892 quidem
876 2810 1027 2873 membris
1043 2810 1089 2872 ita
1106 2810 1257 2873 coniunc-

76 2923 123 2987 tis
146 2944 226 2992 unus
250 2946 360 2988 uersus
384 2926 497 2988 confici
520 2926 571 2988 uix
595 2929 711 3007 potest.

188 3040 291 3104 Multo
326 3063 403 3105 uero
431 3041 591 3104 molestior
615 3046 663 3104 est
687 3043 839 3105 eiusmodi
863 3064 973 3105 uersus
997 3042 1023 3104 si
1047 3041 1147 3105 thesis
1171 3042 1257 3105 inter

47 3216 50 3219 .
77 3177 169 3218 arses
203 3157 374 3220 secundum
410 3161 442 3220 et
464 3158 594 3221 tertiam
617 3179 786 3240 suppressa
811 3161 867 3222 est.
916 3158 1003 3221 uelut
1026 3157 1053 3220 si
1077 3158 1253 3221 saturnium

77 3292 151 3336 esse
187 3272 287 3336 facias
310 3272 390 3336 haec
413 3274 513 3337 uerba
537 3274 575 3336 de
599 3273 692 3336 titulo
715 3273 862 3337 Mummii
886 3272 1037 3337 ''Corinto
1060 3274 1165 3337 deleto
1189 3273 1256 3338 Ro-

77 3410 167 3452 mam
191 3388 306 3452 redieit
328 3388 562 3472 triumphans''‚
587 3389 613 3453 si
637 3390 683 3453 ita
706 3390 839 3454 scandas
863 3393 898 3453 ut
922 3388 1124 3453 hemistichia
1147 3393 1257 3453 ternos
1324 3416 1329 3425 ·

76 3504 216 3568 reddant
239 3505 320 3568 ictus

195 3737 218 3813 ¹)
243 3743 288 3802 Ol.
311 3743 468 3819 Westphal
493 3739 589 3802 Goett.
612 3740 669 3820 pel.
694 3741 776 3802 ⁴luz.
803 3742 887 3822 1884
912 3766 940 3820 p.
967 3745 1040 3809 344.

193 3825 217 3902 2)
243 3832 375 3890 ”Arses'’
408 3841 437 3890 et
461 3834 599 3891 ”theses”
624 3834 653 3891 in
677 3835 732 3893 hoo
754 3834 832 3892 libro
855 3833 1074 3910 perspicuitatis
1097 3852 1186 3892 causa
1209 3851 1257 3892 eo-

79 3922 149 3979 dem
184 3921 272 3981 modo
300 3921 441 3980 dicuntur
468 3925 558 3996 atque
581 3922 667 3981 hodie
689 3923 793 3999 uulgo,
816 3926 853 3981 ut
876 3923 948 3981 arsis
971 3923 1010 3982 sit
1032 3923 1163 3982 suethice
1186 3916 1254 3999 hej-
1310 3924 1313 3933 '

77 4005 168 4086 aazia,
192 4008 286 4087 germ.
309 4004 437 4088 hebrum,
462 4011 552 4069 thesis
574 4006 741 4090 sanativa.
759 4013 851 4070 herm.
868 4007 1015 4089 sechamp.
1055 4012 1134 4086 quod
1151 4014 1255 4069 contra

76 4099 143 4158 fieri
179 4104 325 4175 oportere,
360 4103 396 4158 ut
430 4100 503 4158 arsis
538 4099 655 4158 dicatur
682 4121 749 4176 pars
773 4101 856 4176 pedis
878 4102 983 4170 leuior,
1008 4101 1097 4159 thesis
1121 4099 1255 4175 grauior,

77 4186 269 4264 Westphalio
288 4189 540 4247 Alexandersonio
557 4189 680 4264 aliisque
697 4190 739 4247 rei
755 4190 894 4248 metricae
911 4190 1082 4249 doctoribus
1099 4188 1254 4248 assentior.
