2934 4778
219 308 283 355 vm
707 307 752 353 DE
770 308 799 353 Υ.
820 307 889 353 SAT.

219 503 289 545 rum
314 502 381 544 esse
405 480 592 558 saturnium,
617 501 727 544 uersus
751 480 910 543 saturnius
933 502 995 565 quo
1019 481 1057 544 de
1081 481 1190 565 agitur
1205 502 1267 545 non
1282 483 1391 563 potest

218 598 292 662 noui
327 595 454 681 generis
488 594 611 674 haberi,
646 594 706 658 nisi
743 596 787 658 ita
822 599 870 658 est
906 599 1116 679 comparatus
1141 600 1176 660 ut
1199 619 1263 660 non
1286 597 1392 679 possit

219 712 332 776 referri
367 713 400 774 in
435 711 499 774 iliis
534 711 705 795 generibus
741 712 835 774 certis
869 711 993 775 numeri
1028 711 1162 775 saturnii
1185 733 1267 795 quae
1290 734 1392 795 supra

218 828 431 912 exposuimus,
478 827 576 890 talem
610 829 715 890 autem
750 827 872 890 nullum
906 826 1014 890 inueni
1048 828 1225 891 saturnium
1248 850 1387 905 uersum,

182 1004 184 1009 .
217 965 291 1013 nam
326 964 365 1006 ne
400 964 526 1007 uersum
561 942 651 1007 illum
686 942 815 1026 quidem
849 942 930 1028 elog.
967 945 999 1008 4.
1034 944 1064 1007 4.
1093 944 1240 1027 quibus
1264 945 1323 1007 sei
1346 946 1388 1009 r‘n

217 1058 341 1143 longa
363 1058 536 1121 licuiset
551 1058 637 1122 tibe
653 1059 763 1122 utie'r
779 1061 865 1121 uita
880 1080 1007 1122 necesse
1025 1062 1073 1123 est
1088 1059 1143 1123 illo
1158 1060 1250 1123 modo
1265 1059 1387 1139 scandi,

217 1175 291 1249 ti(b
300 1177 330 1250 e)
366 1175 450 1237 enim
478 1178 582 1257 potest
606 1174 645 1237 ad
668 1178 805 1237 metrum
828 1196 891 1237 non
914 1174 1085 1253 numerari,
1110 1176 1194 1258 quod
1218 1176 1289 1239 adn.
1314 1176 1388 1241 crit.

218 1290 257 1353 ad
283 1311 354 1353 eum
378 1312 408 1353 u.
433 1290 565 1353 ostendi.

327 1412 409 1478 Sanc
445 1418 549 1477 exstat
582 1413 662 1477 illud
697 1436 797 1498 genus
832 1436 980 1477 uersuum
1015 1416 1260 1497 compositorum
1295 1415 1386 1479 cuius

217 1532 385 1613 utrumque
420 1528 658 1592 hemistichium
693 1533 725 1593 et
759 1529 979 1593 catalecticum
1008 1535 1056 1593 est
1080 1533 1112 1593 et
1136 1530 1300 1594 anacrusin
1325 1529 1389 1593 ha-

218 1645 272 1708 bet
307 1667 378 1708 cum
413 1644 445 1707 in
481 1645 673 1708 carminibus
709 1646 828 1728 aliquot
862 1646 1005 1729 gentium
1029 1645 1082 1709 uel
1105 1647 1308 1728 antiquarum
1331 1647 1386 1710 uel

217 1761 440 1838 recentiorum,
476 1764 544 1823 tum
567 1782 664 1824 unum
689 1761 869 1843 exemplum
893 1782 1044 1846 graecum
1068 1761 1190 1844 profert
1213 1760 1386 1845 Hephaes-

214 1876 260 1939 tio
283 1897 309 1939 c.
336 1878 387 1954 15,
411 1875 472 1939 hoc

329 2004 333 2011 “
369 1990 505 2075 Δήμητρι
529 2000 565 2073 τῇ
588 1987 702 2074 πυλαίῃ
770 2001 805 2074 τῇ
829 1999 929 2053 τοῦτον
954 1986 1008 2054 iou
1031 1987 1198 2070 Πελασγῶν
1216 1994 1238 2069 ¹)

214 2107 355 2190 itemque
378 2108 412 2170 in
434 2108 523 2190 poesi
547 2106 728 2191 rhythmica
751 2109 847 2171 medii
872 2108 952 2187 aeui,

214 2227 250 2287 ut
273 2223 353 2288 Lud.
378 2224 416 2288 de
439 2222 586 2287 Antichr.
612 2225 674 2287 227
703 2223 861 2287 excellens
886 2224 989 2287 estin
1013 2224 1109 2288 armis
1155 2225 1203 2288 uis
1227 2224 1342 2289 'Pe'oto-

957 2339 1108 2404 uicorum.

268 2453 376 2537 hymn.
403 2452 534 2518 CXLVI
558 2454 685 2518 Miluus.
709 2454 822 2539 Xpr'ste
846 2456 987 2519 ndstrum
1011 2455 1164 2519 ele'ctrum
1210 2460 1245 2519 tu
1268 2457 1335 2539 ly're

956 2572 1062 2634 nostre
1086 2571 1252 2655 ple'ctrum.

319 2686 421 2750 Multo
455 2688 564 2749 tamen
595 2687 721 2770 saepius
744 2691 857 2770 poetae
885 2690 917 2750 et
940 2686 1107 2751 Anacreon
1132 2688 1248 2770 aliique
1273 2690 1385 2772 graeci

213 2806 246 2865 et
269 2803 390 2867 romani
413 2802 602 2884 posteriores
626 2803 768 2866 carmina
791 2825 830 2866 ex
853 2804 1065 2886 quaternariis
1088 2804 1169 2864 κατὰ
1185 2797 1289 2886 στίχον
1305 2804 1386 2868 sim·

212 2917 348 3000 plicibus
384 2921 635 3001 composuerunt.
671 2922 706 2982 ut
740 2917 906 2982 Petronius
943 2918 1178 3002 ’Memphitides
1215 2920 1339 3002 puellae
1379 2918 1383 3006 i

212 3055 308 3096 manu
331 3055 411 3116 puer
433 3033 569 3116 loquaci*
595 3038 628 3097 et
651 3056 681 3117 q.
707 3056 753 3117 sq.
800 3035 933 3098 Anthol.
958 3037 1021 3099 309
1046 3034 1178 3110 Ii,'P0st
1195 3039 1241 3099 tot
1258 3036 1384 3118 repleta

213 3149 306 3212 busta
332 3144 336 3232 i
362 3152 395 3212 et
417 3149 566 3212 funerum
590 3153 734 3213 cateruas
760 3146 763 3235 Ι
790 3172 826 3214 ac
851 3151 993 3233 dispares
1017 3151 1156 3215 maritos'
1182 3154 1214 3213 et
1237 3173 1318 3234 quae
1334 3174 1382 3237 sq.

214 3263 406 3328 Prudentius
431 3263 573 3328 (lathem.
598 3262 645 3328 Vl
670 3264 767 3329 'Ades
782 3270 874 3349 pater
890 3287 1036 3349 supreme
1055 3262 1058 3352 Ι
1077 3289 1171 3349 quem
1186 3288 1279 3331 nemo
1295 3267 1387 3332 uidet

210 3401 370 3463 umquam,
396 3375 399 3465 Ι
424 3378 591 3463 Patrisque
614 3402 718 3445 sermo
743 3379 886 3445 Christus
912 3376 915 3466 Ι
941 3386 973 3445 et
995 3380 1132 3464 Spiritus
1156 3382 1315 3466 benigne'.

322 3647 345 3722 ¹)
368 3653 458 3728 Apud
492 3653 633 3711 Plautum
668 3654 783 3710 nullum
817 3654 905 3712 huius
939 3655 1055 3731 generis
1083 3658 1249 3731 exemplum
1272 3659 1336 3714 exst
1357 3661 1381 3717 t.

208 3740 318 3800 Pseud.
358 3741 441 3799 1254
477 3761 493 3799 a
528 3746 558 3800 ct
593 3742 700 3800 biure
724 3762 741 3799 a
766 3740 886 3801 Goetzio
910 3743 1131 3802 discernuntur.
1178 3745 1259 3803 Pers.
1286 3746 1382 3803 854³.

211 3830 302 3889 ”satis
344 3831 522 3906 sumpsimus
563 3830 700 3906 supplicii
736 3829 844 3902 [iam]'’
886 3836 916 3891 et
959 3832 1021 3892 854
1063 3834 1082 3891 b
1120 3833 1258 3903 ”Fatedr,
1294 3834 1382 3893 uobis

208 3919 313 3977 mamis
349 3921 406 3978 do”
439 3923 468 3978 et
491 3920 637 3978 sententia
660 3919 724 3994 ipsa
748 3925 777 3978 et
799 3920 829 3977 in
856 3922 920 3979 cod.
947 3915 981 3979 B
1006 3921 1166 3981 interstitio
1193 3923 1383 3983 diuiduntur.

209 4007 295 4083 Epid.
327 4009 366 4066 57
391 4029 408 4065 a
432 4012 462 4066 ot
483 4009 503 4066 b
527 4008 666 4066 nessani
690 4012 813 4068 suntet
837 4010 986 4070 codicibus
1009 4012 1134 4070 turbati.
1182 4012 1289 4071 Bacch.
1316 4013 1380 4070 626

210 4103 239 4155 et
276 4097 345 4155 627,
363 4097 525 4174 ambigitur
548 4097 607 4155 sint
629 4097 748 4156 iambici
772 4118 818 4167 un,
844 4100 924 4175 quod
947 4101 1110 4159 uoluerunt
1134 4098 1381 4160 Wilamowitzius

208 4188 238 4243 et
272 4184 342 4256 Leo,
378 4186 572 4261 anapaestici:
610 4191 688 4245 cert-e
723 4188 868 4247 sententia
903 4189 1029 4246 diuerbii
1064 4208 1121 4248 uon
1157 4189 1253 4249 minus
1286 4209 1376 4265 quarn

207 4275 347 4349 rhythmo
371 4273 557 4333 diuiduntur.
605 4275 693 4335 Truc.
719 4276 781 4334 452
806 4281 836 4334 et
859 4277 922 4336 453
944 4277 1029 4337 codd.
1045 4272 1141 4337 BCD
1158 4279 1377 4338 discernuntur.
