2910 4778
248 334 319 406 llil
766 356 870 403 11111.

242 511 337 570 uerbii
372 511 460 569 modo
494 510 594 568 tritus.
642 513 672 567 et
706 510 825 585 quidem
859 510 980 568 uidetur
1014 529 1076 568 esse
1113 511 1152 569 de
1183 512 1300 588 aliqua
1325 518 1418 572 satum.

242 601 283 659 sie
306 600 368 658 fere
391 603 490 675 potest
512 600 660 675 suppleri:
1438 592 1443 609 '

402 684 480 745 luee't
502 693 638 763 paucis
662 688 846 763 panndsis
952 688 1056 748 lineri
1079 690 1302 761 lanternam
1443 730 1445 735 -

350 777 485 852 Itemque
520 796 624 836 uersus
659 778 708 834 ille
743 797 789 852 ap.
825 776 948 834 Festum
982 797 1011 852 p.
1048 778 1112 835 490
1150 782 1183 836 et
1218 781 1289 838 492
1318 775 1372 838 Ti.
1392 775 1416 838 de
1443 799 1445 822 ¹

244 859 333 941 Peru,
359 867 421 923 330
447 869 476 925 91
500 866 562 923 333
588 860 643 942 M„
668 885 756 941 quem
779 884 833 941 pro
857 864 990 924 saturnio
1014 866 1106 925 edidit
1130 867 1311 940 Baehrens,
1330 868 1415 928 dubita
1442 828 1445 937 1

241 958 345 1013 utrum
379 956 418 1013 sit
451 955 605 1014 sotadeus:
638 955 882 1014 decursatrix
907 954 1107 1015 artificum
1131 958 1307 1031 perdita
1331 959 1413 1034 spin·
1443 992 1445 1035 !

242 1044 392 1114 turnis,
418 1064 455 1101 an
478 1044 646 1103 saturnius:
671 1044 916 1103 occursatrix
944 1078 992 1103 —.
1032 1039 1174 1121 forsitan
1191 1040 1412 1124 ficerit:perbi·
1443 1044 1445 1101 Ι

241 1137 298 1203 tas,
322 1132 506 1208 spinturnix:
530 1133 660 1207 perditas
684 1132 838 1209 pinturnix
861 1128 925 1190 cod.
949 1127 1011 1191 Fa.
1443 1170 1445 1205 3

347 1220 410 1280 Nee
432 1240 505 1280 uero
528 1221 577 1279 ille
600 1240 705 1280 uersus
728 1222 808 1296 apud
831 1221 952 1280 Festum
975 1242 1005 1297 p.
1029 1217 1235 1282 49211199
1251 1219 1347 1301 Pon„
1362 1226 1408 1283 333
1441 1214 1445 1325 l

242 1304 302 1385 M„
327 1330 415 1386 quem
438 1310 516 1368 inter
538 1311 687 1369 saturnios
711 1311 882 1368 dubitanter
904 1311 1016 1386 recepit
1036 1312 1176 1370 Haustus
1195 1312 1234 1370 de
1253 1313 1286 1372 S.
1305 1335 1335 1390 p.
1352 1315 1408 1383 305,

241 1399 362 1457 uidetur
389 1418 450 1457 esse
474 1399 634 1469 saturnius,
658 1401 709 1458 sed
733 1400 916 1474 septenarius
939 1400 1046 1458 iniuria
1068 1401 1239 1460 uetustatis
1268 1393 1408 1484 ἀκέφαλος

241 1487 441 1562 facillimoque
464 1489 593 1547 remedio
616 1488 773 1548 restitutus
796 1508 813 1545 a
836 1488 998 1547 Ribbeekio
1021 1508 1094 1548 com.
1112 1484 1125 1520 ²
1140 1510 1174 1565 p.
1197 1490 1265 1549 123
1286 1492 1407 1568 ”quasi
1443 1480 1445 1489 ¹

240 1573 276 1634 si
298 1595 442 1636 messor
464 1578 821 1652 permessimunum
838 1578 1190 1654 quemquespieum
1208 1577 1405 1659 collegitu

237 1686 328 1741 quem<
348 1666 417 1725 licet
440 1666 481 1724 sie
498 1684 633 1741 quoque:
651 1666 798 1742 quamsi
817 1698 855 1705 -
876 1689 933 1737 -;
951 1667 988 1725 ef.
1006 1667 1104 1726 Plaut.
1121 1668 1205 1726 Men.
1226 1670 1296 1728 951
1322 1665 1403 1745 Vult,

236 1753 326 1813 Poen.
353 1756 415 1812 240
440 1749 529 1812 BCD
553 1749 646 1812 Goetz
659 1751 774 1813 toewe.
802 1751 966 1832 colligit
982 1759 1090 1829 autem,
1107 1760 1142 1815 ut
1160 1753 1235 1816 adei
1242 1760 1309 1834 git
1323 1759 1403 1818 Plaut.

238 1843 300 1901 815
319 1836 420 1901 Prisc.
439 1838 575 1921 abigit
590 1838 634 1910 B,
652 1840 804 1903 attinet
819 1845 919 1903 Plaut.
936 1844 1016 1903 Pers.
1036 1845 1098 1903 234
1112 1839 1147 1903 B
1161 1842 1321 1907 Ritscliel.
1334 1847 1404 1924 (lapi.

237 1927 371 2002 919911,
409 1927 558 1991 abiecit
581 1936 611 1991 et
634 1953 663 2008 q.
688 1952 710 1992 s.
735 1934 797 1992 eius
820 1952 887 2009 gen.
912 1954 958 2008 ap.
984 1932 1103 1992 Liuium
1127 1938 1158 1993 et
1182 1935 1365 1996 Lucretium
1383 1941 1404 1995 et

235 2021 402 2097 Vergilium
426 2026 657 2080 commemorant
680 2022 832 2080 Madvieus
856 2024 969 2081 emend.
992 2022 1059 2082 Liu.
1083 2043 1112 2098 p.
1139 2023 1217 2096 190,
1247 2026 1403 2086 Munroud

236 2109 356 2168 Lueret.
393 2109 423 2167 ΙΙ
460 2111 1085 2188 95111111199111119110193.99111416.
1132 2116 1171 2172 ut
1195 2112 1403 2193 colligato

236 2198 327 2275 Verg.
362 2199 426 2258 Eal.
457 2198 500 2256 IX
525 2200 582 2270 63;
607 2195 741 2276 delige
765 2214 783 2271 γ
805 2199 896 2276 Verg.
922 2199 1097 2287 Georg3IV
1123 2203 1207 2273 5403
1236 2201 1403 2282 elegitur

237 2288 265 2345 in
290 2287 371 2346 libris
395 2287 572 2363 Vergilianis
595 2288 775 2347 Ribbeekius
798 2290 818 2346 l.
844 2310 873 2365 q.
898 2289 926 2347 d.

343 2539 391 2597 Ad
425 2543 589 2597 extremum
624 2540 741 2598 declaro
775 2539 907 2597 breuiter
941 2559 996 2609 me,
1022 2540 1179 2616 diligenter
1203 2563 1240 2602 re
1268 2545 1399 2621 quaesita.

236 2631 395 2704 postquam
429 2628 570 2703 reliquias
597 2648 656 2687 non
679 2630 768 2687 semel
791 2648 856 2687 sum
879 2631 1093 2704 perscrutatus,
1119 2631 1233 2690 adduci
1258 2633 1399 2693 111911111-

235 2736 312 2776 mem
346 2717 434 2775 ualde
458 2717 573 2787 dubios,
597 2737 633 2775 ne
657 2716 752 2775 dicam
774 2717 974 2793 imaginarios,
999 2737 1060 2776 esse
1083 2737 1131 2777 eos
1157 2723 1316 2783 saturnios
1339 2740 1398 2799 quos

235 2806 422 2880 grammatici
444 2807 564 2881 quidam
587 2824 713 2882 magnae
737 2806 922 2866 auctoritatis
945 2807 1046 2865 uidere
1068 2807 1126 2866 uisi
1149 2813 1225 2868 sunt
1250 2811 1284 2869 in
1306 2810 1398 2872 saturis

236 2894 349 2952 Ennii
373 2894 623 2954 et-Varronis.
