2910 4778
242 328 319 379 „m
714 310 881 357 nxcvnsvs
900 311 934 356 11.

347 498 429 557 ,sauls
444 484 463 551 i.
481 508 507 548 o.
526 483 623 546 ’suis’.
662 480 813 546 SOVEIS
830 483 914 546 enim
930 481 1012 548 Ded.
1028 482 1058 544 4.
1077 483 1096 545 5
1114 518 1153 527 -
1173 503 1276 565 quem
1292 503 1409 546 uersum

246 602 395 691 ..lassant
432 622 461 687 p.
490 595 578 665 cxll
603 635 643 643 —-
667 620 729 663 non
752 598 1014 682 monosyllabum,
1037 598 1093 661 sed
1121 597 1323 682 disyllabum
1351 619 1409 662 esse

241 720 400 795 osi-eltuto.
423 714 497 799 quin
520 716 614 778 sbvo
640 714 829 797 bisyllubum
853 718 901 777 cst
925 711 994 778 CIL
1018 711 1186 778 11007.4
1207 711 1331 778 ”Suom
1353 737 1410 777 ma·

243 838 355 907 scitum
392 831 483 897 otuu
519 830 630 894 dilexit
660 828 788 894 sbvo''.
834 831 876 894 cf.
908 827 1018 894 CILI
1045 832 1138 894 1009.
1165 832 1184 894 5
1212 830 1341 894 ”Amor
1361 853 1410 914 pa·

243 950 358 1017 mutan
393 950 484 1031 quom
522 946 609 1010 (ledit
642 950 736 1011 natat
771 948 900 1009 silae'.
956 946 1086 1010 dubium
1121 951 1170 1009 est
1208 951 1322 1010 autem
1350 946 1408 1011 CIL

245 1068 353 1133 lala.
381 1066 400 1123 ll
439 1060 570 1125 ”Visum
596 1059 701 1124 animo
737 1083 815 1125 suo.
863 1062 1000 1144 perfecit
1022 1064 1091 1124 tua
1113 1083 1194 1144 pace
1220 1085 1342 1145 rogans
1364 1065 1409 1126 ἴθ’

241 1191 272 1245 ct
307 1177 377 1247 llll.
406 1175 420 1241 Ι
457 1178 552 1242 1008.
589 1179 608 1240 8
644 1178 778 1240 Immitis
801 1199 884 1240 mors
909 1178 1027 1260 eripuit
1055 1178 1164 1240 sucis
1188 1177 1406 1261 parentibus’'‚

243 1304 345 1361 utrum
371 1293 537 1357 dicendum
561 1293 603 1355 sit
625 1314 683 1375 per
699 1313 808 1356 uocem
824 1293 1076 1375 monosyllabam
1103 1315 1171 1358 svo
1199 1264 1300 1376 (sub)
1333 1302 1408 1358 svis

278 1448 281 1453 ·
307 1409 391 1495 quod
428 1408 505 1472 dicit
538 1408 733 1471 Ritschelius
768 1406 827 1490 Op.
857 1406 914 1472 IV.
939 1409 990 1472 98.
1017 1429 1045 1472 a.
1070 1443 1111 1452 -
1136 1431 1177 1472 an
1201 1431 1263 1492 per
1287 1412 1406 1496 pyrrhi·

241 1527 347 1591 obium
375 1525 444 1587 sub
481 1524 584 1607 disyll.
609 1522 706 1588 suis
752 1523 807 1586 sed
843 1523 942 1586 multo
976 1524 1172 1606 probabilius
1209 1529 1261 1589 est
1297 1527 1332 1591 in
1364 1527 1404 1590 his

243 1642 362 1705 iliiobus
390 1640 544 1718 uersibus,
569 1661 646 1722 quos
671 1638 826 1721 adscripsi
848 1638 1003 1721 proxime,
1029 1661 1065 1703 ea
1089 1661 1157 1703 esse
1181 1643 1406 1728 monosyllaba.

243 1779 314 1821 riam
338 1755 411 1819 inde
435 1778 454 1817 a
477 1755 581 1818 medio
605 1755 740 1837 septimo
763 1755 890 1819 saeculo
913 1756 1001 1820 urbis
1025 1757 1185 1839 correptio
1203 1779 1321 1822 uocum
1337 1760 1406 1822 iam·

243 1873 385 1937 binorum
418 1871 527 1954 paucis
552 1871 681 1934 uocibus
706 1870 836 1934 definita
860 1875 916 1950 est,
941 1892 999 1935 nec
1023 1872 1117 1935 facile
1143 1872 1183 1935 ad
1208 1873 1291 1937 alias
1316 1876 1406 1958 perti·

242 1988 339 2051 nabat
362 1986 424 2049 nisi
447 2007 500 2049 eas
524 2008 605 2069 quae
631 1987 727 2049 etiam
748 1988 831 2070 apud
848 1990 958 2070 poetas
979 1987 1179 2065 ''classicos''‚
1198 2012 1279 2073 quos
1297 1991 1406 2068 dicunt,

241 2106 333 2169 arunt
367 2102 531 2191 ancipites.
578 2102 686 2185 itaque
721 2103 805 2194 quod
838 2102 968 2166 Porcius
997 2102 1126 2167 Licinus
1150 2127 1202 2187 ap.
1227 2103 1407 2171 Suetonium

242 2221 280 2284 ila
316 2219 374 2283 uir.
409 2218 464 2281 inl.
500 2240 531 2300 p.
560 2217 612 2280 28.
640 2219 655 2279 l
682 2217 775 2298 Bciff.
822 2240 860 2281 ex
884 2219 1067 2283 coniectura
1090 2218 1263 2284 Ritschelii
1287 2223 1407 2307 scripsit

243 2333 355 2399 ”Suis
389 2333 545 2417 postlatis¹
569 2335 663 2398 rebus
696 2335 735 2396 ad
759 2356 914 2397 summam
937 2336 1078 2418 inopiam
1101 2336 1251 2399 redactus
1277 2337 1346 2401 est’'
1369 2339 1405 2416 id,

242 2452 347 2529 credo,
372 2450 539 2513 dicendum
565 2453 612 2512 est
635 2449 719 2513 suis
744 2486 784 2494 —-
804 2487 844 2494 —
862 2473 919 2533 per
935 2451 1197 2535 monosyllabum.
1244 2454 1332 2536 quod
1347 2455 1410 2538 qui·

242 2568 312 2631 <lom
349 2566 446 2629 etiam
481 2566 564 2648 apud
595 2566 790 2649 antiquiores
813 2570 923 2649 poetas
947 2567 1067 2630 factum
1091 2572 1147 2631 est.
1196 2572 1286 2642 certe
1309 2592 1410 2634 mono·

242 2682 399 2765 syllabum
423 2684 472 2744 est
494 2682 528 2744 in
551 2703 645 2745 uersu
669 2682 764 2744 Ennii
783 2704 833 2764 ap.
851 2681 936 2744 Fest.
954 2684 1015 2745 301
1035 2682 1077 2745 M
1091 2683 1145 2760 (cf.
1162 2681 1255 2748 Paul.
1275 2687 1340 2750 300
1357 2685 1408 2767 M.)

243 2797 437 2881 ”Postquam
461 2797 581 2860 lumina
604 2797 660 2859 sis
684 2797 740 2878 (uri
759 2798 877 2874 svis?)
895 2798 992 2862 oculis
1009 2799 1109 2862 bonus
1128 2797 1236 2862 Ancus
1254 2799 1409 2886 reliquit'.

243 2918 275 2977 ot
314 2936 366 2996 ap.
400 2913 487 2978 Fest.
512 2915 575 2977 249
600 2912 646 2976 M
663 2917 695 2976 et
718 2912 853 2977 Paulum
878 2915 940 2977 248
966 2912 1011 2976 M
1030 2918 1074 2990 (et
1096 2912 1178 2978 Non.
1204 2938 1236 2998 p.
1265 2918 1340 2982 158.
1364 2919 1412 2995 20)

245 3028 366 3094 ”Poeni
401 3051 492 3093 suos
527 3029 611 3093 soliti
639 3029 686 3092 dis
710 3029 889 3092 sacrificare
913 3028 1068 3112 puellos''.
1115 3030 1151 3093 P.
1175 3055 1245 3096 suos
1271 3039 1352 3098 soliti
1374 3040 1411 3098 dis

242 3151 406 3209 siiorificare
448 3144 614 3220 Vatrenus,
647 3146 713 3207 coll.
740 3145 823 3207 Nou.
849 3146 868 3208 l.
894 3167 919 3209 c.
943 3152 1019 3209 diuis
1043 3152 1140 3209 sacrif.
1165 3173 1205 3227 p,
1234 3155 1411 3228 paenisolitis

241 3259 295 3298 uos
319 3239 418 3298 sacrif.
447 3234 510 3296 cod.
548 3234 580 3296 F
612 3240 683 3296 toste
709 3234 929 3297 lbeiorewkio:
951 3241 1003 3298 Dis
1029 3240 1118 3299 Poeni
1142 3241 1222 3299 soliti
1245 3261 1316 3302 suos
1341 3263 1364 3303 S.
1386 3264 1411 3320 p.

242 3322 321 3387 Luc
345 3322 516 3385 illuclleros
539 3324 573 3385 in
597 3323 737 3405 editione,
762 3324 855 3385 aliter
877 3323 914 3386 de
935 3345 970 3386 rc
992 3346 1032 3387 nc.
1052 3346 1086 3407 p.
1111 3327 1177 3386 272
1203 3345 1265 3388 sos
1292 3329 1411 3412 scripsit

244 3437 470 3501 Buelncnsius
506 3434 594 3500 Idem
618 3438 741 3501 Ennius
766 3460 816 3521 ap.
841 3438 927 3502 Fest.
953 3440 1014 3503 261
1035 3438 1079 3502 M
1091 3436 1261 3522 ”Iuppiter
1276 3446 1314 3505 ut
1329 3465 1411 3506 muro

242 3557 342 3618 fretus
366 3553 470 3637 magis
493 3554 630 3637 quamde
654 3575 751 3617 manu
774 3553 843 3619 so’'.
866 3577 962 3618 manu
986 3576 1022 3618 su
1045 3555 1281 3621 Boetrensius:
1304 3579 1410 3622 manus

242 3670 307 3733 cod.
353 3691 411 3732 nec
445 3691 521 3732 uero
546 3706 586 3713 -
610 3671 646 3732 ut
676 3669 715 3732 ad
739 3668 848 3752 poetas
873 3692 924 3734 eos
948 3671 1003 3753 qui
1026 3674 1098 3753 post
1120 3671 1263 3735 Ennium
1286 3673 1410 3738 fuerunt

242 3785 370 3849 redeam
396 3820 435 3828 -
462 3785 571 3850 dubito
605 3784 682 3868 quin
716 3807 775 3867 per
797 3785 953 3868 synizesin
977 3809 1060 3850 meo
1092 3787 1209 3850 dixerit
1244 3787 1409 3854 Volcacius

243 3898 405 3985 Sedigitus
431 3922 480 3983 ap.
507 3898 587 3963 Gall.
612 3897 682 3963 XV.
709 3902 751 3963 24
776 3900 879 3965 ”llum
904 3902 1127 3966 meoiudicio
1152 3904 1292 3968 errorem
1317 3906 1409 3969 disso-

242 4016 329 4081 luatm
363 4015 456 4094 tibi''‚
492 4018 527 4078 ut
561 4037 666 4078 meos
702 4014 757 4080 Gn.
792 4015 911 4080 Matius
946 4040 996 4100 ap.
1033 4017 1132 4082 Prisc.
1162 4017 1177 4082 l
1202 4020 1278 4083 274.
1303 4017 1407 4085 2611.

242 4130 355 4196 Meos
377 4129 529 4210 hortulos,
554 4131 679 4214 quando
703 4131 821 4208 holmo,
846 4135 986 4197 stercoro
1009 4135 1100 4217 plurc
1124 4134 1360 4200 Baehrensros:
1373 4161 1406 4199 m.

114 4266 121 4279 ·
195 4328 198 4337 Ι
242 4252 272 4311 h.
296 4254 364 4329 plus
387 4256 473 4312 sterc.
499 4272 589 4328 quam
611 4253 671 4311 hol.
697 4246 778 4328 libri,
803 4254 931 4312 stercore
957 4249 1158 4333 [spsulicrrsis
1205 4250 1306 4333 quid?
1330 4250 1407 4335 quod
