2910 4778
531 412 538 424 ,
641 370 738 418 arluc.
767 370 884 419 usum.

371 1058 375 1065 .
471 988 505 1059 5.
561 983 851 1057 EPIGRAMMA
878 984 1061 1059 NAEVII.

282 1197 523 1273 Immdrtales
550 1199 733 1272 mortales
841 1202 873 1270 s1'
900 1198 1001 1272 foret
1028 1199 1084 1271 fas
1112 1198 1203 1272 fle're

283 1323 420 1397 flerent
449 1324 559 1396 diuae
588 1316 773 1396 Camenae
881 1323 1070 1396 Naeuium
1097 1323 1264 1418 poetam.

284 1453 412 1542 ltaque
440 1446 681 1542 postquamst
710 1423 793 1520 Orci
901 1448 1067 1521 traditds
1094 1449 1272 1522 thesauro

279 1574 425 1646 >oblitae
453 1573 542 1644 sunt
569 1572 714 1645 Romae
822 1573 969 1666 loquie'r
997 1574 1125 1668 linguat
1151 1574 1284 1646 latina
1326 1574 1346 1616 ’¹‘

281 1853 315 1919 5.
360 1850 592 1938 Epigramma
636 1849 776 1918 Naeuii.
826 1853 985 1917 'Gellius
1030 1857 1045 1915 Ι
1086 1859 1136 1916 24.
1178 1861 1195 1916 2
1237 1860 1345 1935 ”Epi-

172 1967 342 2026 gramma
364 1946 488 2005 Naeui
510 1948 633 2022 plenum
656 1947 812 2022 superbiae
837 1946 1013 2022 Campanae,
1039 1948 1119 2023 quod
1142 1947 1346 2007 testimonium

171 2038 287 2097 iustum
321 2055 383 2094 esse
417 2036 573 2111 potuisset,
609 2036 666 2094 nisi
697 2035 733 2094 ab
757 2036 821 2111 ipso
845 2036 957 2094 dictum
981 2040 1073 2095 esset:
1098 2038 1345 2096 Immortales

174 2156 217 2166 —-
254 2156 291 2165 -
329 2125 489 2183 latina’'.
529 2159 564 2168 -
599 2140 630 2183 u.
655 2124 685 2183 3.
710 2123 812 2196 Orci]
839 2119 993 2184 Caecilius
1016 2120 1230 2202 Miccutionus,
1255 2125 1345 2185 Orchi

172 2215 315 2292 excerpta
349 2229 386 2271 cx
419 2208 483 2271 eod.
520 2206 723 2284 Barbatione,
756 2207 856 2271 Hertz
870 2207 899 2272 ²:
925 2213 1021 2274 Orcho
1045 2216 1087 2288 (el
1109 2214 1232 2283 horoho)
1257 2211 1342 2274 codd.

171 2305 239 2362 cett.
274 2298 415 2361 arctiores
452 2306 478 2367 ζζ
506 2301 613 2361 Orchio
638 2318 662 2375 ς,
686 2303 764 2360 unde
789 2301 916 2361 Orchino
942 2295 1064 2375 (lar-ric,
1089 2303 1197 2362 Orcino
1220 2298 1344 2362 Ribbec-

171 2388 253 2450 lcc'us.
274 2426 308 2435 —-
328 2408 360 2450 a.
378 2387 408 2450 4.
425 2390 587 2463 oblitae]
605 2385 795 2458 (irenaeum,
812 2386 874 2449 Leo
891 2385 1000 2450 Herm.
1016 2387 1138 2450 XXIV
1149 2390 1192 2449 80
1207 2388 1246 2464 1):
1259 2392 1345 2452 obliti

172 2475 260 2539 cedd.
290 2511 330 2521 —-
355 2496 386 2538 u.
412 2477 442 2539 3.
466 2475 617 2556 itique,
642 2498 699 2539 non
726 2480 913 2555 '’itiaque”‚
939 2481 1018 2555 quod
1042 2482 1162 2540 tolerari
1186 2482 1291 2557 nequit
1313 2483 1344 2539 iu

170 2571 228 2629 hoc
250 2570 342 2628 titulo
365 2588 454 2627 uerae
477 2568 675 2643 antiquitatis.
720 2569 795 2627 falso
818 2569 887 2627 libri
910 2569 1043 2628 Plautini
1065 2570 1214 2628 interdum
1234 2572 1342 2641 ”itau

171 2659 256 2718 ouius
290 2658 332 2717 rei
368 2659 501 2734 exempla
534 2658 566 2715 in
599 2657 736 2716 Muelleri
769 2677 849 2734 pros.
883 2678 913 2734 p.
944 2657 983 2715 14
1007 2662 1086 2731 sunt,
1112 2662 1142 2717 et
1164 2660 1243 2717 Men.
1271 2659 1343 2732 101,

170 2747 256 2808 ouius
290 2765 395 2806 uersus
434 2747 580 2805 ueriorem
602 2747 771 2822 prosodiam
794 2747 927 2805 seruauit
948 2748 1056 2806 Festus
1079 2768 1109 2824 p.
1134 2749 1197 2806 450
1224 2743 1344 2807 Ibatur.

143 2836 319 2896 ·Oistellar.
353 2837 430 2911 prol.
465 2835 536 2904 149,
561 2835 585 2894 si
608 2854 697 2894 sanus
721 2839 774 2905 est,
798 2837 840 2894 sic
862 2837 1002 2894 scandere
1024 2838 1127 2895 malim
1151 2832 1217 2896 ’itt
1240 2857 1344 2914 prope·

169 2925 252 2984 rauit
276 2925 311 2983 de
334 2926 450 3000 puellae
472 2924 620 3000 proloqui’
645 2945 735 3001 quam
760 2915 811 2983 ’it‘a
837 2928 899 2983 —’.
946 2924 1017 2984 Oist.
1040 2940 1104 3002 arg.
1125 2925 1164 2984 10
1184 2920 1344 3002 ”Itaque

168 3015 237 3090 lege
273 3017 302 3071 et
335 3017 392 3071 rite
428 3013 523 3072 ciuem
558 3014 726 3088 cognitam'’
762 3014 901 3072 metricae
936 3015 1104 3073 necessitati
1134 3016 1343 3091 imputandum

169 3104 389 3178 obscuramque
419 3102 534 3161 redolet
557 3103 740 3177 diligentiam
763 3102 950 3178 grammatici
972 3103 1003 3160 in
1027 3104 1191 3163 acrosticho
1214 3106 1344 3163 multum

136 3226 139 3231 ·
168 3192 347 3250 laborantiS.
385 3223 424 3230 —
460 3194 613 3267 praeterea
648 3192 683 3248 de
718 3210 855 3249 mensura
889 3211 919 3250 u.
957 3192 974 3248 3
1003 3193 1071 3251 uide
1095 3212 1208 3252 excurs.
1233 3193 1247 3251 I
1271 3193 1287 3263 ἓ
1312 3196 1342 3252 6.

175 3315 211 3323 -
240 3296 271 3337 a.
297 3276 317 3338 4
340 3299 367 3338 o.
391 3281 428 3339 R.
462 3282 522 3354 loq.
557 3299 581 3339 s.
613 3281 665 3338 lat.
689 3281 792 3356 lingua
817 3273 984 3339 (llo’istc'ua
1031 3297 1061 3339 u.
1087 3279 1108 3339 3
1131 3280 1228 3340 Orcho
1252 3283 1342 3340 tradi·

169 3373 222 3428 tus
245 3371 403 3428 thesaurus
428 3362 603 3427 Baehrens.

280 3690 403 3749 Praeter
425 3692 496 3749 haec
520 3691 592 3749 nihil
615 3692 709 3750 habeo
733 3693 813 3767 quod
833 3692 910 3750 inter
926 3692 1066 3767 reliquias
1083 3695 1177 3751 certas
1193 3692 1343 3751 saturniae

171 3779 269 3856 poesis
293 3780 430 3838 referam.
476 3783 577 3838 tamen
600 3783 694 3839 restat
716 3782 841 3839 fortasse
864 3801 956 3840 unum
982 3783 1147 3839 alterumue
1171 3781 1304 3840 dubium.

282 3886 414 3945 Cicero
438 3907 484 3962 ep.
509 3888 547 3945 ad
569 3888 705 3946 Atticum
728 3887 771 3944 IV
795 3888 826 3945 3.
845 3890 862 3946 5
882 3888 981 3946 ”Ante
998 3889 1074 3946 diem
1090 3888 1165 3946 VIII
1181 3887 1254 3946 Kal.
1270 3889 1343 3947 haec

166 3993 230 4052 ego
254 3976 418 4034 scribebam
442 3978 515 4035 hora
539 3977 632 4035 noetis
657 3996 743 4035 nona.
790 3977 862 4034 Milo
886 3997 1028 4053 campum
1043 3978 1102 4035 iam
1118 3978 1248 4046 tenebat3
1265 3977 1343 4035 Mar·

173 4065 267 4124 uellus
302 4065 476 4124 candidatus
511 4064 553 4123 Ita
588 4066 733 4124 stertebat
766 4069 802 4124 ut
837 4086 892 4141 ego
926 4067 1041 4125 uicinus
1075 4067 1223 4132 audirem
1249 4065 1343 4124 clodii

119 4222 124 4233 .
172 4153 358 4212 uestibulum
392 4174 522 4213 uacuum
545 4174 614 4213 sane
660 4155 731 4212 mihi
754 4156 966 4214 nuntiabatur:
998 4155 1141 4231 ’paucis
1164 4154 1342 4229 pannosis

172 4242 278 4300 linea
312 4244 543 4301 lanterna”’.
585 4278 618 4286 -
654 4244 734 4319 quod
763 4245 814 4302 uix
838 4245 960 4302 dubium
985 4243 1056 4318 quin
1079 4243 1118 4301 sit
1141 4244 1342 4319 fragmentum

171 4331 285 4390 ueteris
312 4336 366 4391 aut
388 4332 501 4392 sotadei
524 4335 577 4390 aut
600 4332 726 4392 saturnii
750 4334 801 4409 qui
825 4353 877 4409 por
900 4333 1003 4408 populi
1026 4351 1078 4390 ora
1101 4333 1253 4390 ferebatur
1276 4350 1342 4407 pro·
