2910 4778
567 317 637 364 OAP.
656 317 728 364 vm.
1144 316 1237 365 CLVII

55 490 141 575 opes'
156 492 174 520 ’'
195 490 230 567 ¹).
276 491 365 556 cuius
400 491 563 574 prouerbii
599 513 675 555 uera
698 491 801 555 forma
824 495 873 555 est
897 492 981 575 apud
1004 482 1237 567 Quintilianum

57 607 136 671 inst.
172 607 204 670 V
241 609 291 671 11.
327 609 367 671 41
408 607 465 671 Ubi
487 609 581 671 amici
603 605 646 670 iti
668 628 747 692 (mes.
795 629 873 692 ergo
895 628 999 691 neque
1024 606 1134 671 Cicero
1157 606 1237 670 illud

54 741 165 807 ‘neque
189 722 403 798 Quintilianus
419 722 479 788 hoc
504 723 549 786 ita
573 723 654 787 dixit
677 727 714 786 111
737 747 756 787 a
780 716 882 806 p'oetis
907 725 999 786 erant
1021 722 1117 786 metri
1142 744 1236 787 causa

58 843 195 918 mutata,
230 840 285 903 sed
320 840 366 903 ita
400 843 436 902 ut
458 839 576 902 usitate
600 838 789 903 dicebantur
811 839 845 902 in
869 839 937 902 uita
961 838 1130 903 communi.
1178 860 1236 902 uec

59 954 158 1019 facile
193 956 297 1038 potuit
331 957 435 1020 forma
469 955 631 1039 prouerbii
655 978 674 1018 a
698 959 792 1039 poeta
815 955 909 1018 metri
933 958 988 1018 aut
1011 955 1119 1037 aliqua
1142 975 1238 1018 causa

59 1075 186 1135 mutata
216 1071 336 1154 pellere
360 1093 418 1134 usn
442 1070 607 1135 hominum
630 1070 794 1154 prouerbii
819 1071 952 1134 formam
978 1092 1088 1134 ueram
1112 1072 1144 1132 et
1168 1070 1238 1133 diu-

59 1191 157 1250 tnrno
192 1209 249 1250 usu
284 1187 445 1251 mentibus
469 1187 608 1250 infixam.
655 1209 717 1250 non
741 1182 843 1272 igittr
865 1186 1039 1250 maximam
1062 1186 1130 1249 uim
1153 1189 1238 1250 attu-

57 1303 170 1366 lerunt
203 1303 242 1366 ad
278 1303 413 1366 formam
448 1303 691 1385 prouerbiorum
725 1303 893 1386 uulgarem
928 1301 1033 1366 studia
1056 1305 1237 1384 poetarum.
1331 1346 1334 1351 -

61 1417 309 1502 habueruntque
344 1418 493 1498 Romani,
529 1421 564 1482 ut
599 1418 656 1482 alii
689 1418 810 1503 populi,
845 1441 903 1482 sua
931 1418 1103 1502 prouerbia
1126 1418 1239 1495 soluta,

60 1534 246 1599 habuerunt
280 1533 473 1618 rhythmica.
521 1537 553 1599 et
587 1534 731 1618 rhythmi
754 1534 1007 1617 prouerbiorum‚
1031 1533 1087 1617 qui
1110 1532 1239 1617 quidem

60 1655 95 1714 et
130 1650 251 1714 fuerint
284 1651 318 1714 in
353 1671 412 1718 usu
447 1651 604 1715 communi
636 1653 669 1714 et
692 1650 792 1714 italici
817 1649 945 1734 generis
969 1648 1084 1713 haberi
1106 1648 1239 1732 possint,

62 1766 252 1849 plerumque
287 1765 481 1850 principales
517 1767 651 1849 putandi
674 1770 748 1829 sunt
772 1770 805 1830 et
827 1765 997 1849 populares
1020 1769 1053 1829 et
1076 1765 1144 1828 nati
1167 1786 1240 1828 cum

62 1882 232 1945 sententiis
266 1882 354 1965 ipsis.
401 1881 461 1946 hoc
495 1903 551 1945 cur
573 1885 623 1945 tot
645 1883 753 1957 uerbis
776 1883 943 1946 ostendam
966 1903 1061 1945 causa
1085 1883 1134 1944 est
1156 1881 1240 1963 quod
1329 1890 1332 1897 '

62 1997 268 2082 grammatici
291 1997 422 2080 quidam
445 2001 590 2062 recentes
613 1997 700 2081 iique
723 1998 907 2083 grauissimi
931 1997 1102 2080 prouerbio
1120 1996 1241 2062 Roma-

61 2131 178 2177 norum
213 2112 397 2198 rhythmica
430 2113 542 2177 uolunt
577 2117 633 2178 aut
659 2114 788 2178 inuenta
812 2135 881 2178 esse
906 2136 924 2177 a
947 2114 1050 2197 poetis
1074 2135 1145 2177 oum
1170 2113 1240 2176 aliis

60 2233 134 2292 tum
157 2230 312 2293 scaenicis
337 2232 392 2294 aut
414 2230 642 2294 retractatione
667 2234 833 2313 poetarum
859 2251 1013 2294 conuersa
1035 2230 1069 2293 in
1092 2233 1239 2294 metrum.

62 2345 226 2409 Lucienus
242 2345 371 2428 quidem
387 2345 564 2409 Muellerus
581 2346 630 2410 ed.
647 2343 814 2410 Nouianae
831 2367 943 2410 comm.
960 2345 1031 2409 crit.
1049 2347 1099 2409 ad.
1116 2367 1147 2428 p.
1167 2346 1240 2410 115.

64 2463 106 2525 19
133 2460 225 2524 docet
247 2461 453 2544 prouerbium
476 2460 557 2525 illud
579 2461 728 2525 Mutuum
751 2462 830 2525 nauli
852 2456 982 2525 acclinat
1005 2466 1037 2525 et
1060 2461 1123 2524 alia
1138 2461 1241 2525 multa

61 2575 282 2639 Romanorum
304 2576 485 2658 prouerbia‚
510 2598 573 2641 non
596 2577 689 2641 modo
713 2600 751 2640 ea
774 2598 856 2660 quae
880 2599 992 2640 uersus
1015 2577 1156 2640 senarios
1173 2578 1242 2640 effi·

60 2692 153 2756 ciant
188 2694 242 2754 aut
276 2692 473 2775 septenarios
509 2729 550 2737 —
585 2693 669 2776 quod
698 2715 791 2757 nemo
814 2697 914 2777 negat
938 2729 979 2737 —-
1003 2694 1058 2756 sed
1082 2693 1181 2756 etiam
1204 2714 1242 2756 ea

59 2829 148 2891 quae
183 2808 273 2890 quasi
308 2807 411 2871 frusta
447 2829 515 2871 esse
551 2809 731 2887 uideantur,
766 2831 806 2873 ex
841 2809 1012 2873 comoediis
1037 2830 1104 2872 esse
1129 2808 1241 2891 petita.

63 2918 157 2987 Idem
182 2923 229 2987 ed.
254 2920 339 2989 Non.
362 2927 439 2987 tom.
464 2920 498 2986 II
517 2946 549 3007 p.
570 2925 633 2989 394
651 2924 728 2988 dicit
744 2924 914 3008 prouerbia
930 2946 1047 3009 graeca
1063 2923 1114 2986 uel
1130 2923 1241 3002 latina,

60 3061 148 3122 quae
184 3041 306 3102 certum
342 3039 384 3102 sit
408 3042 463 3102 aut
486 3039 554 3122 ueri
578 3039 681 3103 simile
705 3041 801 3103 metri
824 3039 979 3104 contineri
1002 3039 1116 3116 forma,
1140 3040 1243 3122 petita

61 3176 135 3218 esse
160 3176 199 3217 ex
223 3154 405 3219 comoediis
451 3155 530 3218 item
553 3154 574 3220 l.
599 3177 626 3220 c.
651 3177 682 3239 p.
708 3157 784 3220 414.
830 3155 885 3239 qui
910 3176 1023 3219 uereor
1046 3177 1086 3218 ne
1108 3155 1242 3219 confun-

61 3270 123 3334 dat
146 3270 282 3334 diuersa.
329 3275 365 3333 ut
388 3271 472 3334 enim
497 3269 574 3337 Sero
597 3272 725 3356 sapiunt
749 3271 888 3356 Pliryqes
910 3270 1049 3334 frustum
1079 3293 1148 3334 esse
1175 3274 1242 3335 tra-

62 3385 212 3470 goediae,
249 3386 374 3450 etiamsi
409 3386 593 3452 testimonia
629 3387 785 3465 deessent,
821 3409 872 3451 res
907 3387 978 3470 ipsa
1012 3390 1173 3471 argueret,
1197 3388 1243 3452 ita

62 3501 205 3584 exempli
230 3523 326 3566 causa
350 3500 487 3567 colubra
509 3510 618 3567 realem
641 3524 704 3566 rico
720 3505 812 3587 parit
836 3503 913 3587 quin
938 3503 1091 3586 populare
1111 3503 1153 3566 sit
1169 3492 1251 3585 pro-¹

62 3617 214 3682 uerbium
236 3639 299 3682 non
322 3618 508 3696 modoino,
532 3619 588 3683 sed
612 3619 710 3682 etiam
733 3619 867 3701 origine,
891 3619 963 3702 quis
980 3620 1128 3683 dubitat?
1162 3619 1242 3682 illud

62 3754 144 3798 uero
167 3733 341 3797 absurdum
364 3734 447 3817 quod
470 3733 620 3798 uidentur
643 3734 779 3818 opinari,
803 3735 829 3796 si
854 3734 925 3818 quis
949 3741 1044 3817 poeta
1067 3735 1152 3817 quod
1168 3756 1243 3817 pro·

62 3847 214 3913 uerbium
237 3851 402 3926 mutasset,
426 3871 489 3934 quo
513 3849 619 3933 aptius
647 3850 754 3914 uersui
778 3850 986 3923 intexeretur,
1010 3871 1081 3913 earn
1104 3850 1150 3913 ita
1174 3872 1244 3912 mu-

62 3967 170 4028 tatam
203 3964 339 4028 formam
367 3965 527 4048 prouerbii
554 3966 705 4030 contiuuo
730 3966 885 4030 adscitam
908 3986 977 4029 esse
1001 3988 1020 4029 a
1043 3965 1169 4049 populo,
1194 3964 1244 4028 id-

835 4111 1111 4117 ---.-—.-——-..-—--...
1116 4109 1242 4116 ----—--.

181 4185 205 4268 ¹)
229 4190 277 4251 Sic
311 4192 518 4254 Fleckeisenas
554 4214 622 4253 aun.
659 4195 698 4254 01
733 4197 813 4265 8523
850 4194 1049 4254 amicibildom
1086 4189 1129 4269 B,
1155 4193 1242 4252 amici

62 4280 183 4340 ibidem
212 4274 340 4355 ΟΜΖ,
366 4281 453 4341 amici
477 4283 519 4342 ibi
543 4285 665 4342 demum
689 4278 869 4344 Setoellius.
