2910 4778
572 309 642 355 CAP.
660 309 730 355 VHI.
1128 306 1233 354 omn

57 481 95 548 ΙΙ
119 486 172 562 22,
197 484 297 548 Dolor
319 484 348 546 si
368 483 479 566 prauis
502 482 613 562 breuis,
637 483 666 545 ei
681 482 791 565 leupus
807 481 894 562 leuis,
911 481 1116 545 consonantia
1130 481 1232 545 latina

55 621 215 686 graecum
238 599 447 663 imitabantur
470 597 602 682 Epicuri
626 620 677 681 ap.
703 596 798 683 Diog.
822 596 931 662 Laert.
954 595 984 662 X
1010 598 1072 661 133
1098 597 1233 661 dicentis

55 710 105 778 Τὸ
130 713 164 776 δὲ
181 717 276 777 κακὸν
296 711 315 798 ἢ
339 718 506 798 χρόνους
528 709 548 797 ἢ
572 717 712 782 πόνους
735 711 802 796 ἔχει
825 713 963 796 βραχεῖς.
987 735 1018 778 u.
1043 712 1115 777 adn.
1139 713 1233 777 Mad·

54 832 125 896 uici
159 833 214 895 fin.
250 829 266 894 I
294 830 312 912 ἕ
343 833 396 895 40.
428 865 470 876 -
503 829 587 894 Ante
610 836 653 893 est
675 831 741 913 spei
762 829 974 892 rudimentum
996 849 1090 912 quom
1113 831 1161 892 rei
1183 849 1232 892 co»

52 949 264 1032 perimentum
288 945 385 1029 Apul.
409 944 494 1009 Flor
519 967 550 1008 n.
574 947 605 1010 3.
631 946 670 1008 11
696 966 760 1008 non
783 944 909 1008 uidetur
933 965 1001 1007 esse
1016 944 1231 1027 prouerbium,

55 1063 116 1126 sed
142 1062 261 1126 dictum
285 1060 414 1144 Apulei.

170 1176 237 1242 lam
276 1177 385 1241 multis
424 1177 579 1260 exemplis
616 1177 753 1240 uidimus
785 1176 883 1240 etiam
912 1175 1027 1240 latinas
1059 1178 1233 1242 sententias

56 1294 290 1378 prouerbiales,
330 1315 411 1376 quae
449 1293 578 1376 quidem
616 1292 784 1376 prouerbia
822 1293 950 1375 proprie
985 1293 1234 1373 nominarentur,

56 1412 220 1474 coartatas
247 1431 316 1472 esse
340 1413 372 1472 et
395 1409 547 1473 adductas
570 1409 605 1471 in
627 1430 784 1472 summam
808 1408 1008 1472 breuitatem.
1056 1410 1139 1492 quod
1168 1431 1230 1474 non

55 1548 123 1590 una
159 1547 255 1589 causa
284 1525 403 1589 factum
441 1528 498 1588 est.
545 1525 684 1607 primum
718 1524 813 1603 enim,
849 1524 932 1607 quod
966 1546 1063 1607 supra
1096 1545 1237 1589 comme-

56 1641 194 1720 moraui,
229 1641 284 1705 uix
320 1640 382 1704 alia
417 1641 502 1704 dicta
538 1643 629 1704 acute
664 1639 770 1722 lepide
803 1640 917 1704 festiue
953 1643 1124 1724 potuerunt
1158 1664 1233 1725 pro-

57 1756 198 1821 uerbiali
236 1778 295 1820 usu
340 1777 399 1839 per
444 1756 570 1820 saecula
615 1754 779 1820 hominum
820 1757 939 1820 tradita
983 1779 1123 1836 manere,
1171 1757 1233 1820 nisi

56 1872 250 1938 breuissima
289 1871 355 1949 illa,
397 1893 478 1954 quae
513 1871 665 1935 facillime
706 1873 860 1935 memoria
898 1876 1093 1950 tenerentur,
1133 1895 1233 1957 quae-

58 2010 121 2071 que
145 1988 217 2071 ipsa
241 1987 397 2063 breuitate
421 1987 493 2070 plus
515 1985 672 2051 haberent
695 1988 875 2071 grauitatis
922 1988 956 2054 in
980 1988 1040 2052 hoc
1064 1989 1165 2073 igitur
1183 1990 1233 2054 uis

58 2102 242 2167 aelectionis
275 2101 430 2166 naturalis
465 2124 561 2186 quam
588 2102 682 2167 hodie
707 2103 816 2166 dicunt
839 2103 989 2167 cernitur.
1037 2104 1151 2168 deinde
1175 2127 1234 2168 usu

58 2221 209 2282 teruntur
243 2217 399 2300 paulatim
430 2218 600 2300 prouerbio
634 2218 735 2282 multa
759 2219 840 2282 sicut
863 2219 995 2296 nummi,
1019 2219 1101 2283 nihil
1124 2222 1159 2283 ut
1182 2242 1233 2284 re-

10 2336 21 2347 ‘
57 2333 225 2417 linquatur
248 2333 331 2416 quod
355 2334 464 2397 abesse
488 2334 597 2416 possit.
645 2355 681 2397 ac
709 2335 895 2399 minuuntur
916 2335 1077 2399 interdum
1102 2336 1142 2399 ad
1166 2359 1234 2399 am-

57 2451 264 2535 biguitatem,
300 2451 336 2512 ut
369 2449 425 2512 illa
449 2472 583 2533 quorum
606 2450 800 2514 mentionem
823 2449 886 2513 foci
910 2473 941 2534 p.
967 2451 1008 2516 12
1034 2456 1066 2514 et
1089 2451 1234 2515 Fortuna

54 2567 155 2649 fortis
191 2565 269 2642 (soil.
306 2564 450 2647 adiuuat)
478 2562 1029 2648 cic.defin.111§16;Mataa
1051 2568 1131 2630 oral‘
1154 2569 1232 2645 (soil.

56 2683 211 2757 scabunt)
235 2678 330 2743 Varr.
354 2679 376 2742 l.
399 2680 420 2743 l.
445 2678 510 2744 VII
533 2680 551 2763 ξ
576 2682 634 2758 28;
659 2703 690 2746 u.
715 2682 786 2745 adn.
811 2681 881 2745 crit.
907 2682 946 2745 ad
970 2680 1056 2748 Sent.
1085 2683 1141 2747 29:
1176 2685 1232 2748 sed

53 2797 193 2881 longum
218 2805 266 2859 est
290 2794 369 2859 haec
394 2816 589 2872 enumerare,
613 2798 803 2879 praesertim
827 2819 899 2861 cum
916 2798 955 2861 ad
971 2797 1054 2861 hanc
1071 2799 1232 2881 quaestio·

53 2935 133 2976 nem
160 2911 237 2974 satis
261 2911 303 2974 sit
326 2933 392 2975 rem
417 2933 690 2983 commemorasse.

169 3141 355 3206 Proximum
389 3146 438 3206 est
471 3146 506 3206 ut
530 3145 671 3208 breuiter
695 3144 851 3227 explicem
875 3146 1030 3228 quomodo
1054 3147 1233 3211 communia

53 3263 90 3323 et
128 3257 279 3321 uniuersa
302 3258 368 3336 illa,
393 3280 474 3341 quae
498 3260 604 3323 uerbis
628 3259 772 3324 subiecta
795 3264 879 3339 sunt,
903 3282 1021 3345 genere
1045 3261 1104 3326 hoc
1127 3286 1230 3347 popu-

51 3374 120 3438 lari
146 3373 375 3458 significentur.

169 3476 330 3551 Dicuntur
352 3488 453 3573 igitur
476 3511 526 3552 res
549 3490 615 3552 uel
637 3490 804 3573 proprie
828 3491 894 3554 uel
917 3492 1179 3558 translatiue.

169 3600 254 3666 Nam
288 3625 328 3667 ne
360 3603 434 3668 huic
458 3605 586 3688 quidem
610 3605 721 3688 generi
744 3606 891 3688 populari
915 3607 1028 3671 desunt
1051 3631 1133 3692 quae
1159 3632 1231 3693 pro-

54 3720 131 3804 prie
158 3719 314 3783 dicantur.

170 3832 264 3898 Tales
287 3837 361 3897 sunt
384 3834 417 3917 α)
440 3857 551 3899 uersus
574 3836 674 3900 italici
698 3837 835 3920 antiqui:

170 3948 263 4013 Molo
297 3971 393 4014 emere
422 3972 516 4035 quola
539 3972 668 4036 repara
691 3951 825 4037 Seyetem
848 3974 886 4016 ne
908 3954 1072 4038 defruor&
1097 3955 1231 4021 Tamdiu

56 4065 241 4130 discendam
266 4073 309 4128 est
331 4066 481 4150 quamdiu
504 4067 609 4143 aluiso
631 4066 731 4131 Diues
754 4076 810 4131 out
832 4069 960 4154 iniquas
983 4078 1039 4133 cat
1061 4071 1163 4155 iniqui
1182 4071 1231 4135 lc·

55 4202 132 4259 ree;
167 4178 247 4258 Quot
280 4181 416 4244 homines
450 4188 492 4243 tot
525 4184 709 4265 sententiaa·
740 4183 802 4262 Qua·
823 4185 914 4248 cernel
936 4207 1049 4249 scurra
1070 4207 1233 4271 auaqcoom

51 4293 316 4381 paterfamilioe;
348 4295 454 4382 Loaqe
486 4296 571 4381 fauit
597 4299 651 4383 qul
673 4319 745 4362 suos
766 4299 870 4384 froyla·
892 4300 994 4364 Seruo
1017 4321 1072 4380 me,
1103 4302 1234 4366 seruato
