2910 4778
143 282 228 332 xvul
630 286 677 336 DE
693 286 724 331 V.
743 286 812 335 ΒΑΤ.

250 453 377 523 Hevet
411 455 449 519 de
484 457 629 522 omuibus
663 457 843 543 quicunque
877 457 1020 525 saturnio
1040 456 1150 525 nessi
1173 476 1307 541 cognos-

142 571 241 638 cendo
263 593 392 657 operam
415 572 536 637 dabunt
558 572 591 636 in
614 594 706 639 omne
730 578 856 659 tempus
879 573 998 657 optime
1021 576 1068 639 est
1088 571 1225 637 meritus
1247 591 1309 638 non

142 686 234 751 modo
257 708 294 751 eo
316 687 400 773 quod
423 687 568 753 uersibus
584 689 778 754 carminibus
794 688 1047 775 testimoniisque
1062 685 1309 775 diligentissime

143 803 338 887 conquisitis,
370 803 494 867 ratione
518 804 630 869 critice
652 804 852 883 examinatis,
876 804 1012 889 denique
1034 803 1154 888 optime
1178 823 1308 887 compc-

141 918 210 982 sitis
233 918 356 1003 copiem
379 919 661 1002 locupletissimam
677 920 987 1004 instrumentumque
1001 918 1208 984 utilissimum
1223 939 1306 983 eom·

140 1034 277 1117 parauit,
311 1056 423 1099 uerum
450 1036 547 1099 etiam
570 1057 643 1100 cum
667 1036 821 1100 aliatum
843 1036 878 1100 id
900 1038 986 1100 certe
1009 1034 1085 1100 boni
1106 1034 1246 1118 nouique
1268 1032 1307 1098 1111

140 1150 338 1217 scansionem
373 1151 482 1214 111111Ιί1
516 1151 599 1235 quod
634 1152 864 1217 demonstrauit
897 1151 1051 1217 iambices
1086 1155 1118 1215 et
1151 1171 1251 1214 uoces
1276 1152 1311 1213 et

141 1265 373 1350 complexiones
406 1266 559 1350 quasdem
593 1267 788 1350 syllabarum
822 1271 889 1331 tam
923 1267 958 1330 in
980 1265 1130 1330 saturniis
1153 1287 1253 1349 quem
1275 1265 1308 1331 in

140 1381 284 1446 uersibus
319 1382 514 1447 scenicorum
548 1405 644 1466 saepe
667 1383 714 1447 ita
737 1404 806 1447 esse
829 1382 1007 1446 metiendas
1029 1381 1120 1466 quasi
1143 1381 1210 1444 sint
1232 1402 1312 1464 pyr*

141 1495 257 1563 rhiehii
276 1498 309 1576 ¹).

246 1613 450 1679 Lucienus
484 1614 659 1679 Mueller
674 1614 702 1697 ⁸)
736 1637 806 1679 cum
839 1614 961 1698 aliquot
983 1612 1198 1678 seturniorum
1222 1611 1312 1676 locos

141 1730 272 1816 egregie
307 1730 499 1809 emendeuit,
529 1733 598 1794 tum
621 1730 661 1794 ad
684 1731 786 1814 ipsam
811 1730 1007 1794 scansionem
1030 1729 1063 1792 id
1085 1726 1218 1791 maximi
1241 1748 1315 1791 mo*

139 1846 239 1911 menti
273 1846 381 1911 attulit
414 1847 498 1932 quod
528 1847 649 1911 ratione
673 1847 784 1911 critice
808 1845 1039 1911 demonstrauit
1060 1864 1123 1907 non
1145 1843 1253 1928 magis
1275 1843 1312 1906 in

141 1961 292 2027 setumiis
326 1984 422 2045 quem
446 1963 479 2026 in
502 1962 573 2026 aliis
596 1963 767 2047 generibus
790 1962 914 2046 priscae
938 1961 1042 2044 poesis
1064 1959 1182 2024 latinae
1206 1957 1311 2025 ullum

140 2099 208 2143 esee
234 2079 337 2142 locum
362 2098 545 2143 concessum
568 2077 679 2143 hiatui.
726 2101 789 2144 non
811 2079 892 2142 bene
915 2098 975 2141 nec
997 2076 1172 2160 prudenter
1194 2073 1314 2138 Aemi-

139 2194 200 2259 lius
231 2192 404 2273 Baehrens,
427 2194 479 2257 uir
501 2193 700 2258 doctissimus
724 2198 757 2259 et
780 2193 990 2271 acutissimus,
1014 2213 1086 2256 cum
1108 2192 1180 2273 post
1201 2187 1313 2254 Muel-

138 2307 240 2374 lerum
274 2309 432 2373 seturnios
455 2309 570 2374 multos
594 2310 712 2389 ederet,
735 2309 814 2374 fecit
835 2309 920 2392 quod
942 2307 1084 2372 hiatibus
1107 2329 1127 2369 a
1148 2305 1313 2369 Muellere

140 2424 275 2491 sublatis
297 2428 460 2510 tamquam
484 2424 616 2489 maculis
640 2426 782 2490 carmina
804 2425 948 2488 saturnia
971 2425 1074 2487 denuo
1098 2421 1239 2504 aspersit
1261 2425 1312 2485 ate

141 2562 202 2625 que
227 2541 324 2605 etiarn
348 2541 436 2605 nouis
460 2541 603 2606 foedauit
617 2542 654 2618 8).

141 2678 148 2685 -
190 2676 311 2687 ··.-··.·-

250 2748 410 2831 ι1111111111
445 2752 472 2813 ei
504 2753 548 2812 rei
581 2753 644 2812 uim
677 2753 785 2811 tribuit
807 2771 1030 2827 nonnumquam
1052 2748 1193 2809 maiorem
1218 2767 1313 2823 quarn

139 2862 193 2921 11111·
216 2842 283 2903 luit.
330 2861 425 2918 neque
449 2842 526 2903 enim
549 2842 634 2901 facile
657 2842 815 2918 quisquam
838 2841 1032 2899 dimensiones
1052 2838 1117 2896 illes
1135 2832 1314 2895 ”ferbcie

139 2931 257 3010 periet”
283 2936 336 2990 eut
360 2931 456 2990 ’'tibi
480 2930 584 2989 1111111
606 2931 691 2989 uita”
716 2930 856 3006 exemplis
879 2929 1061 2988 scenicorum
1085 2926 1230 2984 tuebitur.
1274 2925 1313 2983 de

139 3038 199 3095 111111
221 3040 253 3079 re
277 3020 314 3080 cl.
339 3021 465 3079 alterum
489 3038 645 3078 excursum
668 3038 770 3079 eorum
794 3037 868 3094 quos
891 3018 959 3076 huic
983 3015 1105 3075 editioni
1120 3013 1232 3072 addidi.
1249 3032 1313 3088 quo

139 3108 281 3169 terminos
316 3109 403 3168 huius
438 3110 480 3168 rei
515 3112 638 3167 conatus
672 3127 738 3167 sum
773 3108 962 3168 constituere.
1003 3141 1037 3148 ·-
1065 3104 1164 3163 Havet
1185 3102 1313 3162 Parisiis

142 3198 225 3256 1880
250 3197 342 3257 edidit
364 3197 475 3257 librum
497 3198 581 3257 illum
605 3199 640 3255 de
663 3197 807 3257 saturnio.

248 3280 273 3357 ⁹)
298 3285 370 3345 huc.
394 3287 528 3352 Mueller.
552 3281 607 3345 der
630 3280 832 3345 Sohcmschc
861 3278 936 3342 l'ers
959 3299 990 3341 11.
1013 3279 1096 3341 seiae
1115 3274 1312 3339 Dentomdler

138 3374 173 3435 h.
199 3374 294 3435 1885.
341 3374 378 3433 cf.
402 3375 485 3434 lderu
507 3376 575 3435 libri
599 3376 633 3435 de
657 3375 691 3446 Q.
714 3374 811 3433 Ennio
833 3394 863 3450 p.
889 3371 1073 3431 227-230.

248 3457 274 3536 ⁸)
298 3462 447 3523 Baehrens
480 3483 562 3535 uero,
587 3484 677 3540 quem
700 3464 850 3521 licentiam
873 3461 972 3520 hiandi
996 3460 1179 3518 Fauniorum
1202 3461 1312 3517 uatum

142 3552 292 3631 proprioru
327 3571 389 3611 esse
422 3554 500 3623 uult,
536 3553 627 3612 eidem
663 3552 792 3610 Ennium
821 3550 1057 3626 Luciliumque'
1051 3567 1128 3625 ipsos
1151 3546 1313 3606 indulsisse

139 3638 1317 3718 11111111)1111101111.11.13.111111111111131111111111111111111111,1111111111-

138 3730 225 3793 ueuit
258 3730 370 3790 Plinius
405 3750 433 3787 11.
470 3731 498 3788 1.
534 3731 627 3806 prael.
665 3729 693 3799 1,
728 3729 769 3787 sic
799 3729 914 3788 scandit
901 3728 1066 3803 t.FPRp
1091 3724 1152 3784 201
1178 3724 1215 3783 fr.
1241 3724 1311 3783 422

141 3819 333 3879 Persium
364 3819 437 3877 hese
459 3820 556 3893 legere
580 3820 657 3888 nole,
681 3817 800 3876 Iunium
824 3836 952 3894 congum
974 3818 1077 3876 uolo”.
1124 3814 1176 3891 qui
1198 3831 1308 3872 uersus

138 3910 196 3968 loni
231 3907 360 3967 reruedio
393 3910 492 3984 potest
479 3907 645 3966 iliberari
676 3907 761 3965 hiatu
726 3911 776 3964 lu:
802 3907 957 3965 ιΡ11111111111
981 3907 1095 3964 haece
1116 3904 1214 3979 le'gere
1238 3902 1317 3962 nolo-

140 4002 214 4055 --”.
258 4016 324 4056 1111111
340 3996 485 4073 pleniores
502 3990 728 4055 dernonstratiui
744 3996 853 4055 lornnss
869 3989 1002 4054 nondum
1018 3993 1202 4069 temporibus
1218 3989 1317 4050 Grae.

139 4087 239 4145 11111111ι
274 4085 363 4145 fuisse
398 4085 544 4144 obsoletus
576 4086 736 4144 ostendunt
758 4084 850 4156 tituli,
875 4102 1003 4160 quorum
1027 4082 1160 4158 exempla
1183 4080 1311 4139 collecte

139 4176 228 4235 hebet
263 4172 392 4252 Georges
426 4168 563 4233 Leeicce
589 4169 619 4232 11.
650 4168 857 4250 Wcrtsormee
880 4190 904 4231 s.
929 4186 960 4231 11.
986 4172 1081 4231 ’hice’.
1127 4187 1310 4246 quamquam

139 4268 207 4341 1111111
231 4262 361 4323 Murrius
385 4263 524 4323 coniecit:
550 4263 800 4323 ’'Persiumuc
823 4264 895 4321 haec
917 4262 1015 4339 legere
1031 4264 1094 4319 n.'’.
