2910 4778
587 339 867 389 CONPRECATIONES.

303 491 404 565 Mars
431 489 543 587 patdr
571 497 695 567 macta
722 495 823 569 hlsoa

304 617 612 717 spduitaurssibts
638 615 886 693 lac-tantibds
912 621 1044 691 nostrie
1127 627 1180 693 ter

307 741 557 816 dmmoldndis
585 743 681 816 asto,

257 955 407 1028 Carmen
428 981 577 1053 porcam
604 957 830 1031 ‘irrrraolaatc'c
893 955 977 1029 Cato
1005 957 1029 1030 l.
1059 983 1089 1031 c.
1117 957 1142 1050 ἕ
1169 959 1203 1030 4.

145 1152 164 1193 *
305 1151 496 1246 Hdiusque
525 1176 565 1226 re
595 1151 685 1247 argo
713 1154 849 1242 macta,

145 1289 187 1343 35.
303 1277 612 1375 saduitaurssibds
644 1277 736 1349 hisce
764 1277 1014 1350 <immolandis
1044 1277 1140 1352 asto.

144 1585 212 1623 nam
247 1565 328 1640 quod
361 1564 552 1639 hoiusque
587 1563 683 1640 prima
709 1582 849 1639 percussa
872 1562 987 1638 syllaba
1011 1563 1077 1622 dico
1099 1564 1201 1640 potius
1224 1584 1303 1640 quam

144 1653 333 1729 hoidsqua
357 1672 442 1712 nemo
465 1653 579 1729 peritus
603 1671 659 1711 non
680 1652 829 1728 probabit.
850 1683 887 1691 —
905 1668 936 1710 a.
954 1647 984 1709 7.
1001 1654 1303 1732 sponataurilia,

144 1759 175 1800 u.
211 1739 255 1800 32
283 1745 310 1800 al
333 1738 376 1800 35
399 1741 743 1801 suouetaurilibus
766 1760 816 1799 sex
840 1744 885 1799 est
907 1741 1102 1815 syllabarum,
1128 1762 1198 1800 nam
1221 1742 1305 1818 prima

144 1831 172 1888 V
206 1832 389 1890 semiuocalis
419 1831 453 1888 fit
476 1842 616 1905 sequente
641 1829 664 1888 Ο
688 1831 805 1900 littera;
829 1830 872 1888 lta
895 1829 993 1905 prisca
1015 1850 1090 1891 uoce
1115 1832 1305 1907 possessiuum

143 1939 211 1997 spo
247 1938 334 1998 spos
361 1939 467 1996 spom
489 1919 866 1995 monosyllabumsaepius
890 1939 980 1994 quam
1004 1919 1094 1980 silos
1119 1918 1188 1979 sdo
1212 1919 1305 1979 silom

143 2009 331 2083 disyllabum.
367 2011 404 2068 cl'.
434 2009 523 2066 etiam
555 2008 703 2087 dpobus
727 2008 905 2083 disyllabum
928 2007 1028 2068 Plaut.
1053 2009 1149 2068 Stich.
1175 2009 1249 2068 540.
1272 2039 1305 2048 -

68 2090 70 2095 ’
142 2097 362 2156 allittarationis
397 2116 485 2156 causa
518 2098 605 2156 haec:
639 2114 671 2155 a.
696 2094 740 2155 23
762 2097 925 2171 duisque
949 2097 1112 2157 duonam
1139 2091 1308 2156 OKellcr:

143 2188 171 2245 d.
196 2206 253 2261 qua
276 2187 383 2244 bonam
407 2181 489 2244 libri.
535 2202 589 2246 aar.
613 2182 657 2244 33
679 2188 707 2244 at
729 2183 772 2244 35
795 2180 1047 2246 emmolandis
1070 2186 1170 2260 esto]
1187 2183 1307 2266 scripsi:

140 2276 252 2334 immol.
276 2279 339 2334 esto
362 2270 443 2334 librc'.

248 2363 488 2440 Compositio
512 2364 674 2422 metrica
698 2365 770 2422 haec
794 2366 848 2422 est.
896 2365 918 2422 Ι.
942 2385 974 2423 ιι.
1001 2364 1087 2422 2-4
1112 2367 1173 2424 tres
1199 2370 1306 2441 quater·

52 2448 54 2453 ’
141 2454 217 2512 narii
247 2453 365 2512 iambici
388 2454 561 2513 catalectici.
587 2482 627 2492 -
653 2452 694 2510 II.
717 2473 748 2512 u.
774 2453 858 2511 5-8
883 2457 913 2511 et
936 2454 991 2513 ΠΙ.
1015 2473 1046 2512 ιι.
1072 2454 1183 2513 9-16
1210 2457 1241 2513 et
1262 2454 1305 2513 IV.

141 2563 171 2601 ιι.
199 2542 326 2601 17-23
352 2547 381 2602 et
404 2543 473 2601 VII.
497 2562 528 2601 u.
554 2541 682 2600 31-33
709 2546 738 2601 et
761 2541 846 2600 VIII.
870 2561 901 2601 u.
927 2545 968 2600 34
993 2545 1023 2601 et
1047 2544 1087 2601 35
1114 2548 1188 2603 sunt
1212 2546 1307 2619 hyper·

140 2635 236 2690 metra
252 2631 418 2702 trochaica;
436 2652 470 2690 ex
487 2632 595 2707 quibus
612 2630 680 2688 VII.
698 2635 729 2690 et
744 2630 828 2689 VIII.
847 2650 984 2690 numeros
1001 2632 1192 2691 continuant.
1228 2633 1305 2690 inter·

140 2721 233 2779 iectaa
257 2721 412 2780 trochaicis
435 2721 563 2796 periodis
586 2719 699 2795 periodi
723 2720 760 2778 V.
783 2740 815 2778 u.
841 2720 969 2779 23-25
997 2725 1027 2780 et
1053 2720 1107 2778 VI.
1133 2741 1165 2780 u.
1186 2720 1305 2781 26-30

140 2811 277 2886 pericope
302 2809 428 2869 iambica
451 2810 543 2868 trium
567 2809 836 2885 quaternariorum,
861 2828 935 2885 quos
959 2809 1072 2869 claudit
1096 2811 1260 2870 saturnius.

246 2899 423 2959 Lacunae
458 2903 529 2957 sunt
557 2918 685 2973 quarum
713 2899 801 2974 culpa
824 2898 937 2956 librarii
960 2899 1120 2958 manifesto
1145 2904 1304 2958 teneantur.

142 2988 267 3063 septima
303 2988 421 3063 quidem
452 2989 583 3063 stropha,
609 3006 668 3062 qua
692 2987 772 3045 Mars
796 2992 842 3046 ter
864 2987 1071 3057 inuocabatur‚
1097 2991 1135 3046 ut
1158 2988 1197 3047 ab
1221 2989 1305 3047 Arua-

140 3076 218 3134 libus
252 3081 298 3134 ter
332 3077 412 3135 Mars
447 3081 493 3135 ter
527 3077 659 3135 Marmar
689 3079 734 3133 ter
766 3076 892 3145 Mamor,
917 3096 934 3134 a
958 3075 1043 3135 Saliis
1066 3079 1115 3134 ter
1138 3077 1303 3145 Mamurius,

140 3184 174 3223 aa
197 3166 318 3241 stropha
342 3185 409 3224 cum
432 3166 463 3223 in
484 3165 567 3223 libris
590 3165 778 3224 sacerdotum
800 3168 847 3223 ter
870 3165 979 3241 scripta
995 3167 1072 3224 esset
1087 3165 1229 3241 idemque
1240 3167 1305 3224 esset

141 3273 158 3311 a
193 3253 303 3312 Catone
333 3258 496 3325 seruatum,
521 3254 656 3312 inlibris
680 3251 849 3312 Catonianis
873 3273 907 3311 ea
930 3253 1067 3330 repetitio
1091 3254 1135 3312 lta
1159 3258 1257 3315 exstat
1275 3256 1304 3312 ut

140 3343 237 3418 primo
259 3344 324 3402 loco
349 3344 424 3402 desit
447 3337 544 3401 Mars
560 3345 664 3420 paler,
690 3343 785 3401 altero
809 3337 1017 3410 irrrraolaadia
1042 3343 1134 3402 tertio
1157 3363 1233 3403 uero
1254 3362 1303 3402 om·

140 3431 190 3488 nia
223 3435 343 3507 praeter
371 3437 536 3491 extremum
558 3432 685 3490 uerbum
709 3435 802 3490 esto.
850 3431 911 3490 noli
933 3431 1028 3508 igitur
1050 3431 1156 3490 mirari
1181 3452 1228 3492 ma
1249 3433 1304 3508 plu·

140 3538 186 3578 ras
221 3520 341 3579 lacunas
376 3521 528 3598 reperisse.
574 3524 604 3579 et
638 3521 780 3578 nonnulla
807 3520 941 3596 suspicor
965 3523 1106 3579 truncata
1129 3539 1195 3580 essa
1218 3522 1254 3580 ab
1276 3537 1304 3578 eo

141 3609 193 3683 qui
215 3610 294 3668 hunc
317 3609 427 3667 librum
451 3609 570 3669 Catonis
594 3610 631 3667 ad
654 3628 742 3667 usum
765 3629 853 3684 saum
877 3612 907 3668 ot
931 3628 1118 3669 communem
1142 3610 1304 3686 aequalium

140 3698 326 3756 retractauit.
925 3714 929 3720 '

247 3787 537 3862 Antiquitatem
567 3791 666 3846 autem
690 3787 855 3862 scriptdrae
880 3789 910 3845 et
933 3787 1139 3847 declinationIs
1164 3787 1209 3847 ita
1230 3785 1302 3847 resti·

141 3875 186 3933 tui
220 3875 244 3934 si
279 3895 294 3933 e
329 3896 361 3934 re
395 3876 517 3934 metrica
552 3876 618 3934 fuit.
665 3895 760 3951 nequa
796 3876 873 3934 enim
908 3876 1002 3951 pluris
1038 3895 1132 3951 quam
1167 3877 1302 3937 librorum

140 3962 227 4021 fidem
261 3965 337 4024 facio
371 3965 497 4040 speciem
528 3965 724 4039 antiquitatis
749 3985 839 4040 quam
863 3965 1012 4043 integram
1035 3966 1207 4042 aequaIItar
1229 3983 1303 4026 reno

141 4070 207 4111 care
231 4071 289 4112 non
312 4054 409 4113 liceat.
