2910 4778
573 318 643 363 GAP.
662 317 732 365 VIII.
1154 321 1237 369 CXOV

123 488 154 550 2.
187 486 399 558 ⁴Paroemiaci
422 490 490 552 sine
515 489 662 553 anacruai
684 490 862 575 logaoedici
885 490 937 555 uel
960 490 1177 556 Pherecratei.

63 626 190 708 Ἐγγόα,
223 632 306 711 πάρα
330 627 417 692 δ’ἄτα
440 636 523 696 Snid.
548 637 629 697 coisl.
657 638 716 696 121
742 658 847 698 manus
870 639 999 699 secunda
1023 642 1053 698 et
1077 638 1173 701 Schol.
1199 642 1237 700 ad

172 752 250 809 Plat.
276 751 393 810 Charm.
420 752 481 813 165
507 754 534 812 A
559 751 600 830 (p.
627 755 690 812 324
715 748 764 829 B)
784 750 818 826 ¹).

62 856 156 939 Μέγα
179 882 223 923 τοι
247 859 378 940 ἄγγελος
401 858 517 933 ἐσθλός
539 870 557 928 b
583 871 646 928 654
669 889 691 928 ιι
714 871 745 928 11
770 870 808 929 75
826 865 861 942 ²).

61 973 228 1058 Παρθένος
251 979 288 1038 ιὰ
311 987 435 1059 πατρῷα
459 985 478 1043 d
501 984 561 1043 VII
585 986 637 1044 88.
683 1000 714 1040 π.
738 981 776 1041 τὰ
800 989 901 1061 πρῶτα
924 987 945 1044 l.
969 987 1096 1060 Erasmi,
1120 992 1156 1048 ut
1172 989 1234 1048 uid.

62 1090 135 1164 *Ἐξ
170 1089 284 1177 όνόχοιν
319 1093 427 1155 λέοντα
461 1095 508 1159 l2a
545 1101 606 1158 147
643 1102 662 1159 d
696 1102 722 1159 V
757 1102 796 1160 16
822 1096 925 1179 Gaias.
951 1102 1004 1175 (15
1030 1098 1127 1179 Gon.)
1151 1104 1233 1164 Suid.

171 1217 251 1274 coisl.
279 1216 339 1275 197
356 1210 394 1291 8).
1116 1187 1126 1214 ‘

62 1321 127 1407 Γὺψ
151 1330 258 1407 κόρακ’
284 1320 426 1404 ἐγγυᾶται
449 1333 469 1391 b
495 1332 557 1391 318
582 1353 603 1391 u
627 1333 641 1390 Ι
666 1333 706 1392 57
732 1327 768 1392 (12
791 1334 821 1392 ΙΙ
847 1336 899 1393 26.

61 1566 195 1631 Duobus
230 1567 448 1650 paroemiacis,
481 1589 543 1632 uno
578 1568 734 1652 dactylico
758 1569 858 1634 altero
882 1571 1084 1653 anapaestico
1108 1575 1234 1638 constat

61 1707 166 1780 Δεξιὸν
190 1705 235 1778 εἰς
258 1705 408 1795 ὑπόδημα,

61 1821 217 1906 ἀριστερὸν
242 1821 286 1895 εἰς
309 1825 500 1908 ποδόνιπτρον
523 1853 543 1908 p
566 1831 613 1890 ΙΙΙ
638 1833 678 1891 36
703 1833 722 1891 b
747 1833 810 1892 332
836 1828 925 1892 <1211
950 1835 990 1893 34
1006 1829 1044 1912 ⁴).
1259 1814 1267 1851 ¹

1124 1957 1231 1964 ·——---

58 2011 171 2068 recenti
193 2011 305 2085 pariter
322 2015 443 2070 auctum
460 2015 550 2088 atque
566 2004 703 2089 illnd'ap.
722 2011 821 2072 Oonst.
839 2014 919 2072 Man.
937 2012 953 2071 I
970 2014 1022 2083 35,
1047 2015 1128 2090 quod
1144 2016 1231 2075 offert

59 2099 266 2157 Tribukaitius
289 2101 309 2158 1.
335 2101 370 2159 de
393 2101 559 2176 prouerbiis
582 2102 650 2160 buc.
674 2123 705 2178 p.
732 2100 782 2173 14,
805 2092 893 2181 ’ἥλιξ
909 2093 1012 2181 ἥλικα,
1030 2118 1113 2183 φασι,
1131 2102 1231 2180 τέρπει

58 2185 112 2244 καὶ
148 2186 224 2265 κόρη
258 2186 350 2268 κόρην
374 2185 427 2244 καὶ
450 2191 546 2266 γραῦς
568 2189 749 2265 τρικόρωνος
771 2187 822 2269 τὴν
846 2186 1190 2270 paromanarium
1214 2183 1230 2250 ὁ

57 2277 186 2353 γέρων”.
232 2280 353 2336 uetusta
377 2279 454 2336 enim
478 2279 573 2338 forma
597 2280 659 2338 eius
683 2280 834 2356 prouerbii
858 2284 903 2339 est
926 2281 976 2339 illa
999 2282 1120 2340 breuior
1137 2301 1230 2358 eaque

56 2368 156 2426 multo
181 2369 249 2424 ante
273 2370 401 2425 aetatem
424 2367 632 2443 Aristophanis
655 2369 843 2446 grammatici
866 2372 947 2428 nata.
994 2390 1084 2445 quam
1103 2373 1231 2447 usurpat

56 2456 146 2514 Plato
181 2454 308 2514 Phaedr.
345 2456 406 2514 240
443 2476 458 2515 c
494 2447 662 2511 ”“lean
697 2452 754 2533 γὰρ
789 2453 842 2512 καὶ
877 2449 1091 2523 ὁπαλαιὸς
1114 2454 1229 2532 λόγος

57 2534 216 2619 τέρπειν
239 2540 301 2599 τὸν
324 2535 447 2624 ἥλικα
470 2550 500 2604 et
522 2546 649 2604 Aristot.
673 2547 749 2605 rhet.
774 2568 804 2623 p.
832 2546 912 2605 1371
938 2548 968 2605 1).

166 2687 245 2746 Illud
281 2689 360 2763 quod
395 2687 484 2747 Solon
520 2687 627 2746 Croeso
662 2688 767 2747 dixisse
801 2692 943 2748 narratur
969 2687 1053 2748 uarie
1076 2690 1227 2749 redditur:

57 2765 166 2852 Τέρρα
190 2769 216 2830 δ’
241 2767 313 2853 ὁρᾶν
338 2773 448 2852 βιότοιο
475 2776 527 2837 ΑΡ
550 2778 592 2835 IX
618 2778 691 2835 366.
717 2779 751 2847 63
777 2767 874 2842 Τέλος
897 2768 955 2853 όρα
978 2780 1095 2855 μακροῦ
1120 2774 1185 2854 βίοι)
1209 2781 1229 2838 d

56 2864 134 2923 VIII
160 2866 199 2923 51
227 2860 299 2924 Coa.
325 2861 419 2924 Pont.
444 2859 626 2943 (μακροβίοο
648 2861 740 2941 coel),
765 2856 863 2931 Τέλος
886 2857 943 2942 ὅρα
967 2861 1032 2942 βίον
1056 2863 1123 2926 clii.

171 2949 194 3024 1)
219 2945 320 3031 Εγγόγγ
360 2991 393 2998 -
433 2957 496 3014 cod.
534 2955 618 3014 Ooisl.
644 2976 684 3013 m.
708 2976 769 3032 pr.:
795 2948 907 3034 Ἐγγόη
935 2991 969 2998 -
997 2957 1084 3016 Plato
1109 2957 1226 3015 Oharm.

55 3065 86 3118 p.
115 3043 175 3102 165
201 3064 218 3101 a
243 3040 288 3103 ed.
312 3039 443 3102 Scirona.
478 3043 553 3110 Eam
569 3045 747 3103 sententiam
762 3046 793 3103 in
809 3044 958 3104 uestibulo
974 3046 1075 3122 templi
1092 3046 1227 3122 Delphici

56 3133 231 3209 inscriptam
247 3133 336 3192 fuisse
353 3133 464 3191 indicat
479 3133 566 3192 Plato
583 3135 602 3192 l.
620 3153 644 3192 c.
662 3137 692 3191 et
709 3133 847 3193 Cratinus
863 3134 959 3192 minor
975 3133 1004 3192 in
1020 3135 1130 3194 scholio
1143 3156 1172 3211 q.
1187 3135 1225 3202 d.‚

56 3241 117 3297 quo
148 3223 212 3280 loco
237 3219 366 3281 Chilonis
390 3222 535 3280 sententia
559 3241 621 3281 esse
645 3223 763 3281 dicitur.
811 3227 840 3281 et
863 3222 922 3280 fuit
946 3223 998 3300 qui
1021 3224 1138 3282 Thaleti
1162 3243 1227 3282 eam

55 3311 212 3381 tribueret,
249 3311 416 3369 Demetrius
445 3315 545 3369 autem
579 3311 741 3370 Phalereus
775 3313 902 3383 PittaoO,
937 3333 968 3371 u.
994 3313 1059 3370 edd.
1086 3311 1168 3371 Gott.
1193 3313 1224 3371 Π

54 3420 85 3475 p.
113 3399 153 3456 70
178 3403 208 3458 et
231 3399 246 3457 I
267 3421 297 3476 p.
323 3400 397 3459 394.

167 3482 192 3558 2)
216 3479 306 3561 Μέγα
341 3504 385 3544 τοι
420 3489 592 3565 tribrachyn
627 3490 699 3549 facit
724 3489 896 3565 insequente
919 3490 1026 3561 uocali,
1052 3491 1087 3549 de
1111 3511 1170 3566 qua
1194 3511 1225 3548 re

55 3598 86 3636 ιι.
112 3577 257 3637 Christius
282 3571 386 3637 metr.2
411 3579 426 3648 ξ
451 3579 513 3636 322
530 3599 560 3654 p.
579 3578 641 3636 277
659 3598 703 3654 sq.
722 3577 757 3638 G.
775 3579 878 3654 Meyer
892 3599 1018 3656 gramm.
1035 3573 1100 3656 gr.²
1117 3579 1133 3650 ἓ
1152 3578 1224 3637 154.

166 3657 246 3737 81έξ
282 3656 308 3726 ὁ.
343 3663 391 3723 τὸν
415 3661 443 3722 λ.
472 3662 566 3743 coist,
592 3662 620 3723 λ.
646 3657 677 3732 ἐξ
701 3658 727 3723 ὀ.
752 3662 791 3739 1²,
816 3658 930 3724 ἐκτῶν
954 3658 980 3724 ό.
1013 3665 1062 3725 τὸν
1086 3662 1113 3723 λ.
1138 3664 1168 3741 d,
1194 3659 1225 3734 ἐξ

54 3746 166 3832 ἔνοχος
201 3752 249 3810 τὸν
284 3750 313 3811 λ.
342 3757 469 3815 Alcaeus
494 3777 541 3832 ap.
566 3757 646 3816 Plut.
672 3757 707 3815 de
732 3756 789 3815 def.
814 3776 857 3816 or.
883 3758 912 3828 3,
938 3747 973 3813 έκ
997 3759 1047 3813 τοῦ
1072 3747 1097 3816 ό.
1123 3746 1171 3813 τὸν
1194 3750 1223 3811 λ.

53 3844 191 3920 Sophron
216 3845 397 3920 ap.Demetr.
423 3847 458 3902 de
482 3847 518 3903 el.
544 3845 559 3916 ἓ
585 3846 658 3904 156.

165 3926 192 4009 4)
216 3933 428 3992 Hexametrum
463 3935 594 3992 hiantem
628 3953 663 3992 ex
698 3935 742 3994 his
776 3933 875 3993 uerbis
900 3935 1054 3994 dimetitur
1077 3935 1223 4010 Bergkius

54 4043 103 4100 op.
129 4022 160 4080 ΙΙ
184 4023 258 4090 396,
283 4042 336 4081 nec
359 4023 389 4080 id
412 4023 474 4081 sine
498 4024 598 4099 aliqua
622 4024 819 4082 dubitatione.
867 4043 926 4098 qua
956 4023 1134 4082 dimensione
1158 4042 1224 4082 con-

53 4112 223 4171 funduntur
258 4112 409 4187 antiquior
443 4131 516 4182 mos,
552 4132 612 4188 quo
647 4113 717 4171 colis
751 4113 915 4170 hexametri
948 4114 997 4170 uel
1028 4112 1223 4188 singulisne]

53 4200 202 4260 inconexis
225 4201 274 4258 uel
298 4201 414 4259 conexis
436 4202 482 4260 uti
504 4203 599 4272 licuit,
624 4204 654 4260 et
676 4201 823 4276 posterior
846 4202 898 4276 qui
913 4204 1058 4278 perpetuo
1074 4201 1221 4259 conexuit.

53 4291 91 4349 cf.
117 4289 266 4350 Usenerus
290 4283 459 4370 ’obpriecla
490 4281 638 4349 Verston’
661 4311 691 4366 p.
718 4290 756 4349 51
783 4290 832 4347 all.
858 4309 886 4366 q.
910 4292 982 4350 loco,
