2910 4778
541 329 610 374 CAP.
630 330 687 373 VII.
707 322 722 386 ξ
743 331 766 374 6.
1128 330 1242 376 CXXVII

57 519 120 579 per
144 500 300 582 synizesin
325 489 485 564 efferenda
510 524 577 564 esse
602 524 694 564 nomo
717 525 779 565 non
803 502 900 565 uidet.
948 525 1021 565 nam
1046 504 1128 586 quod
1160 502 1238 566 OFG

57 614 238 679 Muellerus
263 617 380 700 aliique
406 617 464 680 lroc
495 640 605 701 genus,
630 623 666 680 ut
689 639 851 701 graecum,
876 619 916 682 ab
941 619 979 681 iis
1004 641 1085 701 quae
1110 641 1241 681 romana

57 753 130 793 esse
156 733 265 794 dicunt
288 740 461 811 senionem,
486 733 564 796 milri
588 734 620 796 id
644 756 706 797 non
723 735 1014 823 persuadentJuon
1031 735 1108 816 quin
1124 756 1239 818 negem

59 883 101 892 --
129 849 213 930 quod
248 870 356 911 omnes
391 849 559 911 sciunt-
585 856 694 931 poetas
727 850 900 932 dactylicos
924 849 1141 914 Romanorum
1165 851 1238 912 inde

56 966 100 1028 ab
127 964 231 1027 Ennio
254 965 412 1046 synizesin
436 965 640 1028 Homericam
665 988 732 1029 esse
756 966 907 1029 imitatos
955 967 1010 1029 sed
1032 967 1170 1049 prinmrn
1187 987 1239 1048 sy-

56 1080 176 1142 niaesis
200 1081 390 1163 graecanica
414 1081 482 1162 ipso
505 1103 634 1164 genere,
659 1082 744 1164 quod
769 1083 809 1144 ad
833 1082 901 1144 soni
924 1087 1070 1145 naturam
1088 1082 1238 1164 pertinet,

57 1218 123 1259 non
161 1197 287 1259 diuersa
323 1200 372 1258 est
407 1198 446 1259 ab
483 1219 519 1259 ea
557 1220 651 1280 4444444
688 1199 809 1261 romani
836 1199 1011 1282 antiquitus
1035 1201 1239 1280 usurparunt.

56 1333 199 1394 namque
233 1311 338 1389 hodie,
374 1313 456 1394 quod
481 1317 728 1376 consentaneum
754 1317 811 1388 est,
836 1314 943 1376 uerius
969 1315 1007 1376 de
1032 1314 1091 1376 lrac
1116 1315 1240 1396 praeei-

56 1429 155 1510 piunt
191 1426 227 1490 G.
264 1428 375 1510 Meyer
409 1451 543 1511 gramm.
568 1429 691 1512 grae02.
730 1431 835 1511 §149
861 1434 893 1492 et
917 1429 969 1493 Fr.
994 1428 1079 1492 84444
1104 1452 1254 1514 graium,

58 1544 119 1607 lat.
157 1544 174 1623 ξ
201 1545 241 1606 14
266 1544 293 1606 Β
318 1546 346 1606 2.
372 1566 467 1626 quam
498 1545 573 1607 olim
599 1544 731 1608 Corssen
756 1544 797 1608 ll.
824 1547 897 1608 744.
923 1568 990 1628 sqq.
1017 1546 1130 1608 deinde
1155 1547 1237 1628 apud

56 1661 146 1742 ipsos
181 1663 291 1742 poetas
327 1661 509 1743 dactylicos
546 1665 581 1723 ut
605 1633 698 1723 44444444
734 1660 845 1743 Verg.‚
878 1660 968 1723 Peleo
992 1661 1105 1725 Catull.
1132 1659 1238 1723 LXIV

59 1779 139 1854 336,
174 1778 322 1860 pulmonis
349 1776 445 1839 Prud.
476 1776 572 1840 Ham.
597 1779 671 1852 322,
697 1778 820 1839 (orroeos
844 1776 972 1859 Goripp.
996 1774 1074 1839 lust.
1100 1774 1148 1840 ΠΙ
1161 1753 1237 1839 1242

60 1892 113 1972 P..
140 1894 263 1955 (4444444444
288 1892 415 1974 Coripp.
441 1890 508 1955 loli.
533 1891 580 1954 Vl
604 1893 668 1956 488
694 1893 732 1956 P.
757 1893 861 1976 magis
878 1897 925 1954 est
941 1894 1123 1976 graecanici
1140 1896 1236 1956 moris

58 2032 225 2091 quama
195 2010 296 2084 latini
332 2011 387 2074 ita.
412 2009 582 2091 quodiam
607 2009 684 2072 Luc
709 2009 846 2071 Mueller
870 2009 908 2071 de
934 2031 967 2071 re
992 2031 1033 2072 nr.
1061 2034 1090 2090 p.
1116 2010 1180 2073 243
1206 2015 1238 2072 44

58 2126 127 2187 249
153 2114 345 2202 obseruauit,
323 2124 660 2219 torrrrrichuciliiM
687 2124 875 2208 Vergiliiet
904 2126 1056 2187 44444444
989 2133 1086 2187 44444444
1083 2126 1235 2188 ·Ε4444

58 2241 167 2322 magis
192 2245 264 2302 sunt
251 2240 435 2304 tlrabenda
460 2241 580 2303 romani
606 2241 700 2303 moris
725 2262 864 2323 quam„
845 2240 963 2303 (4444444.

170 2356 288 2420 Malo
279 2357 340 2439 igit
342 2379 380 2418 ur
403 2378 460 2438 per
483 2357 641 2439 syniaesin
665 2357 828 2419 Luciom
854 2355 960 2419 Set
929 2378 945 2418 e
948 2355 1161 2437 tScipiol
1131 2380 1237 2420 (icere

56 2471 93 2534 in
130 2472 194 2534 illis
228 2472 372 2534 uersibus
408 2494 503 2555 quam
539 2471 709 2534 Lucium
734 2470 784 2535 Sc.
808 2494 867 2554 per
890 2475 1068 2554 correptam
1092 2473 1149 2535 ul
1126 2476 1236 2535 444444

57 2591 117 2650 aut
141 2587 350 2670 84444444
341 2592 480 2670 itemque
505 2588 631 2672 elog.
613 2589 642 2650 ⁰.
669 2590 685 2650 1
721 2586 906 2651 ”Cornelius
930 2588 1153 2664 1444444444-
1112 2589 1236 2652 -Lu-

58 2706 131 2787 ojus
156 2702 262 2786 Scipio
285 2703 407 2767 Barbat
410 2705 467 2766 us’'
482 2702 517 2784 ¹)

169 2820 228 2882 Est
214 2823 317 2882 taut
320 2842 369 2882 em
403 2820 563 2902 frequent
555 2820 697 2882 4444444444
728 2820 788 2883 hoc
812 2842 914 2903 genus
938 2821 1167 2883 imminutionis
1193 2857 1234 2864 -

17 2916 22 2923 .
57 2937 128 2999 siue
154 2936 329 2998 contractio
354 2936 487 2998 dicenda
511 2936 641 2998 estsine
659 2936 815 3018 correptio
833 2971 872 2980 —
891 2936 924 2998 in
941 2936 1122 3017 anapaestis
1139 2935 1235 2998 Plau-

57 3052 147 3116 tinis.
196 3051 264 3114 eius
299 3052 346 3113 rei
382 3051 537 3133 exempla,
562 3052 618 3113 sed
645 3073 703 3113 uec
727 3052 832 3114 omnia
856 3056 888 3115 et
911 3053 1060 3115 nimirum
1085 3052 1237 3115 nonnulla

56 3169 193 3245 incerta,
219 3170 371 3251 congesta
394 3166 515 3231 habent
538 3165 727 3250 Spengelius
752 3168 772 3230 l.
797 3191 827 3250 q.
853 3169 882 3230 d.
908 3172 940 3230 et
959 3167 1040 3231 CFG
1057 3168 1234 3230 Muellerus

57 3305 145 3367 pros.
171 3284 236 3346 404
260 3304 329 3364 sqq.
380 3350 383 3355 ,

175 3569 197 3644 ¹)
222 3573 290 3631 Non
316 3573 436 3632 ’Lucius
462 3571 625 3632 Cornelius’
643 3575 693 3631 sed
711 3573 874 3632 ’Cornelius
890 3575 1012 3638 Lucius,
1029 3577 1058 3632 in
1075 3577 1126 3633 illo
1142 3596 1233 3635 uersu

56 3685 126 3725 eam
163 3659 203 3722 ob
239 3682 358 3721 causam
384 3663 507 3721 uidetur
542 3681 603 3720 esse
627 3664 770 3737 scriptum
794 3667 829 3721 ut
854 3665 1045 3722 collocatione
1070 3666 1232 3724 uerborum

54 3760 190 3813 metrum
226 3754 441 3822 ostenderetur,
473 3753 553 3826 quod
577 3752 726 3810 communi
749 3753 911 3811 uerborum
935 3754 1036 3811 ordine
1060 3756 1161 3812 oeulos
1185 3775 1233 3812 eo-

53 3864 127 3903 rum
152 3842 205 3916 qui
227 3843 361 3918 legerent
383 3842 499 3899 facilius
523 3841 684 3898 fefellisset.
732 3845 762 3898 et
785 3861 967 3916 quamquam
984 3841 1128 3902 Lucius
1145 3842 1233 3900 Cor-

53 3930 191 3991 nelius
215 3930 343 4006 Scipio
368 3931 563 3988 Barbatus
587 3950 639 4005 per
662 3949 698 3988 se.
717 3949 775 3989 non
797 3934 841 3988 est
858 3932 986 3989 deterior
1002 3932 1052 3989 illo
1069 3933 1231 4002 saturnine,

53 4026 163 4080 tamen
198 4021 366 4078 saturnium
400 4020 462 4077 sine
490 4020 627 4078 anacrusi
651 4019 778 4094 primum
804 4039 868 4076 eam
893 4021 930 4078 ob
954 4039 1026 4088 rem,
1053 4021 1148 4089 credo,
1174 4040 1231 4078 non

53 4111 206 4178 fecerunt,
232 4109 311 4183 quod
335 4127 397 4167 mos
420 4109 542 4166 uidetur
565 4108 655 4166 fuisse
679 4109 844 4183 elogiornr'n
869 4109 1062 4184 scriptoribus
1086 4113 1122 4166 nt
1137 4116 1232 4167 satur-

54 4201 124 4258 nios
161 4198 222 4256 sine
258 4197 394 4256 anaerusi
428 4197 522 4272 magis
558 4197 588 4254 in
622 4201 773 4272 postrema
808 4199 944 4256 carminis
980 4203 1068 4273 parte
1089 4218 1178 4272 qnam
1202 4200 1229 4256 in

53 4289 158 4366 prime
181 4289 334 4362 ponerent.
