2910 4778
244 301 294 373 46
774 326 885 374 suasu

241 479 336 537 uerba
359 479 586 554 distinguuntur
607 481 726 556 punctis
748 481 906 552 triangulis
929 485 1049 557 praeter
1064 479 1409 540 PBITBOMEPAGRIS

244 567 346 626 vas
381 573 412 626 et
445 567 619 627 FERTLID
650 568 853 628 Paslcnra.
900 586 931 627 ιι.
956 566 988 628 2.
1011 564 1163 645 vidadu
1187 563 1345 628 Pauline.-
1364 571 1409 629 vi·

241 651 318 715 dad
341 659 427 728 cett,
454 673 484 715 ιι.
508 654 539 715 3.
564 652 684 734 cibdn
708 649 864 716 Paralius:
885 653 1007 716 cibdn
1029 659 1119 731 σάω
1142 674 1175 716 ιι.
1202 653 1237 717 4.
1261 659 1410 737 alisuist

245 739 379 803 Pauline
405 746 448 804 ita
470 752 506 804 nt
528 747 671 805 concedat
693 747 783 805 etiam
799 747 961 823 elisnist
983 746 1042 822 legi
1064 765 1169 822 posse3
1196 741 1289 805 Idem
1311 749 1407 826 suad.

243 854 336 910 quam
360 835 561 893 coniecturam
584 835 646 910 ipsa
670 835 743 894 dicit
764 855 827 895 essa
849 836 1003 894 incertam.

351 940 591 1000 Sticbometriam
615 942 697 1000 tituli
719 946 839 1001 secutus
862 961 1024 1011 sumnam
1039 941 1151 1018 singuli
1166 942 1300 1001 saturnii
1315 962 1409 1018 aequa·

245 1030 315 1088 liter
337 1049 443 1089 uersus
465 1030 605 1090 efficiunt.
650 1031 785 1090 saturnio
806 1036 903 1090 metro
924 1031 972 1089 hic
994 1031 1112 1101 titulus
1134 1031 1189 1090 sed
1204 1032 1310 1107 paullo
1325 1031 1407 1103 aliter,

242 1119 395 1177 scanditur
418 1119 506 1177 etiarn
530 1139 548 1176 a
571 1119 752 1178 Buechelero
774 1126 805 1178 et
827 1140 845 1178 a
868 1118 997 1196 Buggio

347 1217 390 1285 V.
416 1219 448 1287 1.
494 1245 529 1283 ex
558 1235 644 1301 parte
666 1226 792 1285 fortasse
814 1226 856 1285 sic
878 1231 977 1302 potest
999 1226 1130 1301 suppleri
1154 1269 1164 1286 .
1191 1271 1199 1284 .
1227 1271 1236 1287 .
1259 1231 1269 1286 ι’
1278 1227 1406 1286 ncuba't

240 1305 338 1374 icus.
375 1345 415 1353 -
447 1331 477 1371 ιι.
501 1312 532 1372 2.
555 1315 593 1390 ip
616 1315 687 1390 quid
710 1315 866 1390 signifiicet
889 1315 994 1384 nescio,
1018 1315 1074 1373 nisi
1095 1314 1153 1374 boc
1176 1335 1275 1374 unum
1298 1316 1357 1375 scio
1376 1316 1403 1392 ip

241 1423 300 1463 non
334 1422 420 1479 posse
449 1422 510 1462 esse
533 1403 609 1461 idem
634 1404 714 1478 quod
737 1404 864 1462 latinum
886 1404 957 1473 ibi,
980 1404 1036 1462 boc
1058 1403 1138 1462 enim
1160 1404 1244 1462 inter
1266 1405 1404 1482 paelignos

239 1493 375 1569 oportuit
410 1511 471 1552 esse
506 1491 575 1549 *iia
609 1492 658 1550 nel
693 1492 765 1551 rifi.
812 1493 936 1552 fortasse
966 1492 1004 1568 ip
1025 1492 1066 1550 sit
1087 1491 1166 1550 idem
1192 1494 1276 1568 quod
1301 1484 1357 1563 ἐπί,
1378 1499 1405 1552 nt

240 1575 381 1656 (inarrhat
403 1575 488 1656 ecus)
511 1580 548 1656 ip
570 1576 690 1638 vidad
711 1581 804 1640 latine
827 1581 882 1640 sit:
906 1580 984 1639 sita
1007 1587 1066 1638 est
1087 1581 1150 1640 bic
1174 1582 1222 1640 ad
1244 1583 1357 1642 uiam.
1375 1616 1400 1626 -

241 1687 273 1728 ιι.
308 1667 340 1728 2.
374 1674 467 1729 eone
489 1671 517 1726 et
540 1666 570 1727 6.
595 1669 676 1728 secie
699 1671 913 1745 paenultimam
935 1669 1116 1746 producunt.
1162 1674 1194 1728 e·
1218 1674 1251 1729 et
1274 1667 1314 1742 ei,
1339 1677 1403 1730 ιἰ-ι-

239 1763 272 1818 et
294 1755 369 1817 e-e-
393 1759 568 1817 dicebantur
591 1759 760 1833 quantitate
783 1759 939 1836 ambigua:
963 1760 1017 1817 lat.
1041 1757 1243 1833 e-quidam
1260 1764 1294 1819 et
1309 1756 1402 1837 tiqui·

242 1849 338 1915 dam;
366 1844 491 1922 (Ἧι)
514 1866 599 1906 ecce
622 1850 653 1906 et
676 1844 799 1918 (Ἧι)
823 1844 909 1907 dece
937 1881 971 1890 -
998 1847 1079 1922 quod
1102 1847 1144 1906 sic
1167 1847 1248 1908 falso
1272 1849 1399 1908 scribitur

241 1955 296 2012 pro
319 1932 398 2005 ece,
423 1967 464 1975 -
489 1935 669 2006 Usi-com)
685 1933 1054 2007 eccnmet(*e·co·m)
1070 1931 1220 2008 bocum,
1238 1931 1400 2014 Uei-quis)

241 2025 368 2100 ecquis
391 2028 422 2083 et
444 2019 617 2101 (bi-quis)
640 2021 787 2101 eequis.
812 2024 937 2084 Plautus
955 2025 1062 2084 Bacch.
1080 2024 1142 2082 582
1163 2027 1261 2086 ”bens
1278 2020 1401 2103 thnis

241 2114 289 2173 hic
316 2118 370 2182 est,
395 2104 526 2188 &cquis
548 2115 604 2173 hoc
627 2113 723 2190 aperit
745 2114 887 2183 ostium”‚
910 2113 1014 2172 itidem
1036 2113 1116 2172 Rud.
1133 2113 1210 2173 413.
1253 2115 1402 2174 ''e-neeri

242 2203 375 2262 Ribbeck
409 2204 444 2261 de
484 2203 639 2278 particulis
662 2223 691 2278 p.
718 2204 759 2260 34
783 2208 814 2261 et
835 2203 963 2262 Koehler
986 2201 1035 2261 W.
1059 2202 1151 2262 Arch.
1176 2203 1231 2262 VI.
1260 2205 1314 2265 25.
1356 2223 1402 2264 osa

242 2306 352 2368 εινειμε
387 2292 441 2349 lat.
465 2287 572 2350 (inim.
595 2311 655 2350 ose.
680 2306 732 2347 εκο
754 2292 779 2350 Ι.
803 2290 838 2349 Ο.
863 2291 915 2350 Zv.
943 2290 1004 2348 144
1027 2294 1131 2350 utrum
1154 2293 1310 2367 producat
1330 2313 1403 2371 paen·

238 2381 377 2440 ultimam
400 2400 438 2437 an
462 2380 603 2456 corripiat
625 2381 733 2447 nescio,
757 2381 836 2456 quod
861 2396 875 2436 ε
898 2380 988 2439 etiam
1010 2375 1130 2457 longam
1145 2382 1288 2440 uocalem
1311 2381 1402 2460 signifi·

241 2473 307 2539 cat;
332 2470 418 2527 uelut
439 2488 498 2527 osc.
522 2482 653 2546 ποτερεμ
675 2469 700 2527 1.
725 2468 760 2528 O.
783 2469 836 2528 Zv.
862 2469 924 2528 145
948 2469 1047 2527 estid
1069 2469 1150 2544 quod
1165 2489 1277 2546 graece
1293 2475 1402 2551 πατηρι,

348 2567 390 2634 V.
414 2569 446 2635 3.
493 2576 518 2634 si
534 2576 622 2634 modo
638 2580 717 2634 recte
733 2576 826 2651 uulgo
841 2577 947 2651 legunt
961 2571 1104 2645 nibdu‚
1121 2575 1188 2634 iure
1203 2579 1302 2637 refert
1313 2579 1403 2654 Bngge

241 2667 263 2725 l.
286 2684 312 2724 c.
335 2686 366 2741 p.
382 2664 422 2723 67
440 2664 471 2722 in
486 2665 641 2723 uocabulis
656 2665 721 2723 rad.
738 2665 830 2723 vib·.
864 2665 916 2723 sed
930 2670 967 2724 ut
982 2664 1126 2724 assentior
1142 2665 1278 2726 Deeckio
1293 2661 1403 2727 nibdn

239 2753 337 2813 uideri
359 2753 524 2830 significare
545 2753 802 2824 ’redimitam’,
818 2753 861 2811 ita
876 2754 932 2813 hoc
947 2753 1128 2812 adiectiuum
1145 2754 1278 2830 *uibia
1292 2749 1403 2815 uibdu

240 2861 300 2903 non
335 2844 372 2901 ad
406 2843 505 2904 uiuae.
539 2843 591 2901 sed
614 2843 651 2901 ad
674 2846 811 2900 mortuae
834 2843 1083 2918 praedicationem
1110 2844 1265 2917 pertinere
1289 2845 1403 2904 arbitror

241 2932 482 3006 attributumque
517 2950 578 2990 esse
613 2931 728 2989 Pettius
763 2931 824 3000 (uel
852 2931 1039 3002 Pettiediac).
1085 2933 1215 2991 conferri
1239 2938 1339 3010 potest
1359 2934 1403 2991 hoc

241 3020 322 3079 Festi
356 3040 385 3095 p.
415 3019 477 3078 548
505 3013 561 3078 Tb.
585 3014 623 3078 de
647 3013 696 3086 Ρ..
721 3020 783 3078 360
808 3013 852 3077 Μ
872 3020 1059 3078 ”Taenias
1081 3038 1224 3095 graecam
1247 3042 1351 3082 uocem
1370 3021 1404 3080 sic

241 3108 460 3184 interpretatur
482 3109 605 3167 Verrius
628 3113 664 3167 ut
687 3109 767 3167 dicat
781 3113 970 3167 crumentum
987 3127 1049 3168 esse
1064 3108 1185 3168 laneum
1201 3112 1311 3188 capitis
1326 3112 1403 3170 hono

242 3197 310 3267 rati,
333 3201 370 3255 ut
384 3198 423 3256 sit
440 3199 519 3273 apud
535 3196 694 3256 Caecilium
711 3197 741 3255 in
756 3197 940 3275 Androgyno
958 3197 1148 3274 ”sepulcrum
1164 3199 1291 3274 plenum
1306 3198 1403 3260 taenia·

240 3306 309 3345 rum
342 3286 385 3344 ita
419 3290 455 3344 ut
477 3281 615 3345 adsolet”
640 3288 728 3356 (solet
751 3281 841 3361 cod).
888 3287 1079 3362 quamobrem
1103 3287 1128 3345 si
1152 3287 1266 3349 idcirco
1288 3282 1404 3348 uibdu

243 3375 341 3433 Pettia
376 3374 485 3434 dicitnr
520 3376 576 3435 boc
603 3394 693 3433 uersu
715 3379 751 3433 ut
773 3375 878 3434 taeniis
901 3376 1072 3434 redimitum
1096 3395 1158 3434 esse
1181 3378 1304 3437 honoris
1327 3391 1405 3436 cansa

240 3474 334 3539 caput
356 3468 492 3522 mortuae
516 3464 727 3533 declararetur,
753 3466 821 3539 apte
845 3465 982 3523 cohaeret
1004 3465 1035 3523 id
1049 3465 1180 3524 uerbum
1195 3485 1267 3525 cum
1281 3465 1404 3543 proximo

240 3552 391 3612 omnitu
414 3553 493 3627 quod
517 3552 558 3611 sie
581 3553 777 3628 interpretor:
804 3553 974 3629 'ungnentis
997 3554 1138 3623 condita',
1164 3555 1273 3614 ducem
1296 3558 1403 3615 secutus

240 3640 432 3709 Osthoffinm;
457 3640 481 3699 is
504 3641 581 3699 enim
604 3641 678 3711 iure,
704 3642 800 3709 credo,
825 3642 952 3701 contulit
968 3644 1066 3701 ambr.
1083 3662 1186 3700 umen
1211 3644 1273 3703 abl.
1289 3661 1403 3710 unna,

241 3732 462 3806 unguentum,
486 3734 595 3789 umtu
619 3730 777 3806 ’unguito’.
803 3761 843 3769 -

347 3827 389 3895 V.
413 3829 448 3895 5.
494 3837 529 3894 de
565 3831 685 3895 ftrtta
715 3836 880 3912 disputanti
903 3836 1008 3896 Paulio
1031 3839 1051 3896 l.
1077 3856 1102 3896 c.
1126 3859 1156 3914 p.
1185 3838 1248 3898 113
1274 3840 1353 3916 quod
1373 3838 1404 3896 ad

241 3926 457 4002 paenultimam
482 3926 589 3984 attinet
612 3926 773 3985 adsentior.
807 3961 840 3969 -
867 3943 898 3984 ιι.
925 3923 954 3984 1.
978 3927 1307 4002 pristatalaoirix
1321 3931 1405 3988 metro

244 4015 482 4091 pentasyllabum
505 4017 550 4072 est
573 4019 602 4073 et
624 4031 656 4072 ιι.
682 4011 711 4073 4.
737 4015 977 4075 sacaracirix
994 4015 1264 4092 quadrisyllabum.
1280 4023 1318 4077 ut
1331 4035 1404 4077 uoce·

239 4104 276 4162 lis
311 4104 325 4162 I
359 4123 412 4179 per
442 4093 599 4168 ἀνάπτυξιν
623 4109 693 4162 nata
718 4104 870 4163 delitescat
894 4105 1121 4180 quodammodo.
1169 4105 1305 4184 itemque
1328 4123 1357 4165 ιι.
1378 4104 1402 4162 ὁ.

240 4191 481 4268 Persepdnas
514 4192 636 4250 uidetur
670 4194 828 4252 obscurata
862 4212 916 4269 per
949 4212 1109 4269 syncopam
1139 4196 1242 4254 uocali
1263 4193 1405 4272 pronunti·

240 4281 363 4344 andum.
399 4284 435 4340 ut
469 4281 680 4357 Prosepuai
712 4282 741 4339 in
766 4284 888 4358 speculo
912 4281 1027 4341 Cosano
1050 4281 1104 4352 (sic
1127 4283 1218 4356 enirn,
1243 4303 1313 4358 non,
1336 4279 1406 4360 quod
