2910 4778
650 310 721 358 ΟΔΡ.
739 310 812 357 vm.
1216 310 1317 357 CLXXI

144 485 247 552 Sardi
279 485 405 549 aeaales
431 485 480 548 111.
506 488 564 548 sat.
589 483 675 548 Men.
700 484 764 548 449
789 483 818 547 Β
841 506 873 567 p.
898 484 962 548 206
986 481 1081 564 aas,
1105 504 1167 565 quo
1189 483 1316 575 nomine

141 601 429 684 compellebantur,
464 604 500 665 ut
523 601 613 665 uiles.
638 635 680 645 ·-
704 599 752 663 Ex
776 599 952 664 Catoniana
975 598 1031 664 illo
1056 598 1114 664 Sat
1136 600 1204 678 cita,
1224 599 1252 661 si
1267 599 1316 662 sat

140 717 217 781 heae
239 717 397 781 senarium
422 716 500 780 fecit
523 719 617 800 poeta
639 715 767 800 ignatus
792 737 842 798 ap.
867 712 955 779 Suet:
979 712 1091 778 Octau.
1117 715 1158 777 25
1182 713 1221 777 fr.
1239 714 1314 796 pall.

144 833 208 898 inc.
231 834 294 897 inc.
319 833 361 898 89
385 831 502 898 ullast
526 832 583 896 Sa
605 832 743 895 celeriter
763 831 801 914 fit
823 830 977 916 quiaquia
998 829 1050 912 fiet
1072 830 1150 893 satis
1172 829 1253 894 bene.
1274 866 1314 874 —

151 928 340 1034 thuaaqae
362 950 396 1013 ia
419 950 482 1012 alla
505 956 616 1012 martas
639 955 691 1023 ea,
715 948 795 1011 caim
818 948 922 1011 aelian
945 947 1084 1010 aartitar
1098 944 1202 1009 Plaut.
1220 945 1315 1028 Ilpid.

143 1067 202 1130 49:
233 1065 449 1150 Ulqaamqaesl
471 1071 592 1143 aeratas,
616 1065 696 1127 eatae
719 1063 823 1127 aelam
846 1064 985 1126 eremitar
1006 1058 1095 1125 Idem
1124 1060 1220 1125 Pcen.
1239 1062 1313 1125 754.

117 1182 200 1246 'sed
224 1181 356 1266 longum
379 1185 428 1244 est
451 1201 636 1245 enumerare
660 1179 776 1244 omnin.

252 1411 403 1496 Sequitur
436 1412 572 1476 alterum
607 1432 709 1495 genus
732 1411 785 1474 uel
808 1432 919 1475 uersus
942 1414 1107 1494 poetarum
1131 1410 1317 1493 prouerbio·

142 1552 216 1595 rum
249 1529 319 1593 loco
354 1528 509 1611 usurpati.
556 1514 653 1591 etiarn
688 1529 796 1610 partes
830 1538 981 1590 uersuum
1004 1526 1127 1590 scilicet
1148 1527 1195 1589 ita
1217 1546 1317 1607 pone·

143 1647 272 1724 bantur,
307 1650 343 1709 ut
383 1643 506 1708 Veritas
541 1645 647 1707 adirem
676 1647 763 1726 parit
785 1641 858 1706 Ter.
883 1641 984 1707 Andr.
1010 1643 1067 1719 68,
1087 1639 1163 1705 Otto
1187 1639 1316 1704 WAV

141 1763 210 1828 383
245 1784 309 1845 sq.;
344 1754 459 1825 Omnia
492 1761 591 1823 uincit
626 1780 713 1822 aanor
747 1757 848 1842 Verg.
873 1759 944 1823 buc.
968 1757 999 1822 X
1023 1759 1082 1832 69;
1109 1756 1163 1822 Sic
1185 1758 1252 1820 arn·
1275 1756 1318 1818 acl

143 1885 233 1942 astra
266 1876 367 1962 Verg.
402 1853 485 1941 Aen.
508 1873 554 1940 IX
580 1875 655 1952 641,
680 1872 753 1939 Sen.
778 1896 826 1957 ep.
852 1875 906 1939 48.
932 1875 983 1950 11,
1010 1872 1316 1950 73.15;Serosa·

140 1995 237 2078 piara
266 1993 407 2077 Phrypes
436 1990 512 2056 Otto
535 1989 611 2054 WA
635 1987 684 2054 III
708 1991 790 2066 375;
815 1990 961 2054 Patriast
983 1989 1157 2073 relicuaque
1180 1995 1224 2052 est
1246 1988 1317 2051 tene
1344 2067 1345 2070 Ἴ

139 2108 211 2174 aie.
236 2107 329 2172 Tusa.
354 2106 384 2171 V
409 2107 427 2190 ἕ
453 2108 527 2182 108,
552 2129 616 2170 uox
638 2105 752 2171 Teucri
769 2105 962 2183 Pacuuiani;
989 2104 1134 2170 Senectus
1149 2105 1218 2188 ipsa
1236 2124 1317 2166 aar·

139 2224 200 2288 tas
231 2231 282 2304 est,
307 2225 346 2288 de
370 2245 432 2306 quo
456 2222 671 2287 Buechelerus
695 2245 736 2286 m.
761 2221 810 2287 rh.
834 2218 944 2286 XLIII
967 2222 1049 2298 295;
1088 2219 1219 2284 Oderint
1241 2221 1316 2282 dara

139 2347 281 2404 maaaat
304 2339 395 2404 Accii
430 2340 469 2402 fr.
507 2340 570 2402 203
595 2337 664 2418 R2,
688 2336 775 2402 Suet.
801 2337 872 2402 Cal.
896 2338 938 2401 30
963 2340 1009 2414 (91
1032 2335 1104 2402 Tib.
1129 2337 1195 2417 59),
1220 2337 1317 2398 etiam

139 2455 255 2520 (licere
290 2459 322 2519 et
356 2454 487 2531 Seneca,
523 2476 553 2519 u.
578 2455 651 2518 adn.
676 2452 863 2530 Ribbeckii3
896 2451 985 2530 auca
1007 2453 1153 2516 aalamas
1176 2458 1318 2514 sarratam

139 2579 187 2635 est
216 2569 416 2655 Augustinus
451 2575 561 2634 contra
594 2569 741 2634 Crescon.
777 2590 803 2632 c.
839 2570 869 2644 4,
905 2568 1041 2631 fortasse
1070 2568 1170 2631 uerba
1192 2571 1316 2649 poetae,

138 2704 279 2769 namque
316 2689 365 2750 est
400 2685 672 2769 penthemimeris.
709 2721 749 2729 —
777 2683 838 2748 Illa
869 2705 908 2748 ex
932 2683 1073 2769 graecisz
1098 2680 1135 2757 Q.
1161 2681 1225 2746 019.
1251 2685 1317 2764 pet.

137 2823 227 2867 cons.
241 2804 293 2866 10.
310 2804 350 2867 39
365 2801 469 2865 Nera-c¹
488 2808 579 2886 atqae
595 2809 685 2864 artas
700 2807 773 2864 acal
788 2802 960 2884 sapientiae
982 2820 1045 2862 aaa
1061 2806 1169 2862 temere
1186 2797 1316 2876 credere,

140 2913 361 3000 Ἐπιχάρμειον
392 2917 455 2980 119
476 2915 555 2979 Ahr.
583 2912 673 3001 Nape
697 2916 750 2976 καὶ
774 2917 902 2999 μὲμνασ’
928 2911 1071 2985 ἀπιστεῖν,
1097 2911 1202 2994 ἄρθρα
1222 2919 1316 2973 ταῦτα

139 3041 195 3094 τᾶν
220 3040 342 3118 φρενῶν.
369 3068 409 3077 -
440 3032 589 3095 Veritatis
613 3034 712 3096 aratio
735 3033 866 3115 staples
889 3039 932 3095 est
955 3028 1029 3095 Sen.
1054 3030 1106 3093 49.
1126 3030 1183 3105 123
1209 3028 1315 3092 Amm.

140 3147 245 3213 Marc.
280 3144 358 3211 XIV
396 3148 448 3211 10.
476 3148 532 3224 13;
557 3146 652 3211 XVII
676 3149 706 3212 5.
730 3148 762 3227 4,
785 3146 996 3229 Euripideum
1021 3142 1159 3213 εΑπλοῦς
1181 3140 1197 3205 ὁ
1219 3145 1320 3227 μῦθος

138 3272 195 3348 τῆς
229 3257 386 3347 ἀληθείας
421 3260 485 3348 ἔφυ.
524 3298 564 3306 -
600 3261 690 3338 Quod
720 3263 871 3346 quoniam
900 3262 1030 3346 longum
1055 3263 1104 3324 est
1126 3260 1317 3346 singillatim

138 3379 303 3462 persequi,
327 3382 453 3442 tantum
484 3400 537 3442 eos
562 3380 695 3442 afferam
719 3400 839 3457 uersae,
862 3400 940 3462 quos
965 3381 1020 3441 aut
1043 3397 1111 3440 esse
1136 3379 1191 3440 aut
1214 3375 1318 3459 primo

137 3493 240 3558 fuisse
264 3516 376 3558 uersus
400 3495 626 3579 grammaticas
651 3494 717 3558 fere
744 3494 837 3578 fugit.

251 3607 352 3684 Quam
388 3614 494 3674 autem
530 3610 691 3692 corrumpi
725 3632 784 3674 usu
818 3609 900 3674 tales
931 3609 1017 3672 soliti
1041 3609 1106 3671 sint
1128 3629 1238 3673 uersus
1263 3607 1318 3689 qui

136 3725 385 3810 prouerbicrum
408 3725 513 3790 locum
535 3725 732 3800 obtinebant,
766 3747 838 3789 cum
861 3725 1074 3809 neglegenter
1097 3723 1319 3788 referebantur

137 3842 182 3906 ab
218 3839 259 3903 iis
294 3840 349 3922 qui
384 3841 488 3925 magis
523 3841 714 3905 sententiam
750 3863 845 3924 quam
876 3841 976 3904 uerba
999 3841 1198 3923 spectabant,
1222 3839 1318 3902 certis

136 3960 248 4044 potest
284 3955 494 4021 demonstrari
530 3956 694 4040 exemplis.
740 3955 830 4020 uelut
864 3942 998 4019 eandem
1033 3953 1224 4018 sententiam
1254 3951 1318 4016 Pu-

135 4072 223 4138 blilii
258 4071 304 4135 sic
339 4072 468 4155 scripsit
501 4071 546 4136 M.
581 4069 702 4136 Seneca
725 4074 866 4136 centron.
892 4073 921 4135 7.
947 4074 966 4136 3
990 4093 1023 4154 p.
1049 4071 1112 4135 302
1137 4069 1174 4133 M
1196 4068 1319 4132 Desunt

135 4189 287 4252 Iaxartae
321 4188 429 4262 realta,
463 4189 620 4252 auaritiae
643 4188 758 4268 amaia,
782 4187 820 4250 L.
845 4190 953 4251 autem
975 4184 1097 4250 Seneca
1121 4207 1170 4268 ep.
1197 4186 1271 4248 108.
1297 4185 1316 4247 9

138 4303 262 4367 Desara
297 4305 421 4386 inopiae
455 4303 566 4376 snalla,
603 4306 760 4366 arrrrr’itiae
795 4303 911 4368 tarracia.
936 4337 974 4348 -
1009 4301 1120 4366 Cicero
1145 4302 1183 4364 de
1208 4301 1262 4366 fin.
1288 4299 1318 4365 lI
1346 4356 1349 4365 ,
