2910 4778
544 323 614 369 CAP.
634 322 676 370 1v.
696 315 712 382 ἕ
732 326 756 371 6.
1200 327 1238 375 LI

61 491 245 576 rhythmica
278 494 312 557 in
339 496 499 559 structura
521 494 673 560 nonnulla
696 499 745 559 est
766 496 852 560 inter
874 518 991 581 graeca
1014 498 1156 563 earmina
1178 499 1238 564 illa

29 600 170 692 'prisca
201 612 234 672 et
256 631 366 674 uersus
391 610 580 675 domesticos
603 609 819 676 Romanorum
842 612 1026 678 similitudo,
1073 615 1156 698 quod
1180 637 1238 680 cur

62 724 110 787 ita
137 726 180 788 sit
202 747 304 809 neque
329 747 458 790 oausam
480 748 608 810 possum
632 727 803 812 explicare,
827 729 903 812 quia
924 729 1018 794 initia
1041 730 1109 795 eius
1132 732 1179 795 rei
1202 731 1236 795 in

61 840 195 904 summis
230 842 371 907 tenebris
405 842 521 922 iacent,
556 864 659 927 neque
695 844 735 908 ad
758 866 829 908 eam
852 845 1008 910 rationem
1031 846 1235 928 reddendam,

61 957 149 1040 quod
183 957 430 1041 disputationem
463 959 598 1042 requirit
631 959 818 1044 longiorem,
853 959 913 1025 hoc
950 961 1019 1026 loco
1053 963 1237 1048 aggredior.

62 1074 280 1155 quamobrem,
315 1077 422 1137 utrum
457 1075 651 1158 sumpserint
673 1096 822 1139 numeros
846 1097 899 1140 eos
923 1100 942 1139 a
965 1076 1097 1142 Graecis
1119 1075 1236 1158 Italici,

62 1211 105 1251 an
129 1189 219 1272 quasi
243 1190 403 1254 communi
425 1188 604 1254 hereditate
628 1191 703 1255 inde
727 1193 768 1256 ab
793 1195 898 1256 aetate
923 1193 1155 1278 indoenropaea
1178 1216 1237 1278 per

63 1306 191 1369 saecula
221 1303 386 1369 hominum
408 1306 521 1370 traditi
544 1307 608 1371 sint
630 1307 758 1391 utrique
781 1308 957 1392 gentian,
982 1309 1066 1392 quod
1088 1309 1236 1393 equidem

62 1421 167 1506 magis
201 1422 401 1502 crediderim,
435 1444 494 1507 per
525 1444 557 1487 se
581 1426 716 1507 utraque
741 1445 820 1508 gens
844 1446 882 1488 ea
905 1425 1074 1505 inuenerit,
1098 1425 1179 1490 haec
1202 1426 1236 1489 in

62 1537 186 1602 incerto
220 1538 375 1622 relinquo.
422 1542 508 1603 certe
539 1538 574 1603 hi
596 1540 721 1603 numeri
744 1543 818 1605 sunt
841 1544 874 1604 et
897 1541 937 1605 ad
960 1562 1087 1606 sensum
1111 1541 1236 1606 aurium

64 1653 294 1736 simplicissimi
329 1657 362 1717 et
396 1655 436 1719 ad
460 1655 686 1719 inueniendum
709 1655 855 1720 facillimi
878 1660 1054 1740 sponteque
1077 1658 1255 1722 exstitisses

62 1770 214 1841 uidentur
236 1771 370 1834 diuersis
393 1771 426 1834 in
449 1772 543 1835 terris
566 1772 763 1855 temporibus
787 1771 858 1836 aliis
882 1773 916 1837 in
938 1772 1011 1836 aliis
1035 1773 1195 1857 gentibus.

173 1884 261 1961 Quod
285 1889 446 1970 utcunque
471 1892 529 1967 est,
554 1909 664 1951 uersus
688 1886 757 1967 hos,
781 1910 859 1972 quos
875 1888 970 1966 edidi,
986 1891 1023 1952 ut
1038 1888 1236 1968 domesticae,

67 2022 141 2065 meo
165 2002 233 2065 iure
256 2003 435 2066 nominasse
457 2003 569 2068 uideor
591 2001 719 2068 Italicos
743 2006 775 2066 et
798 2003 953 2087 antiquos,
969 2006 1139 2088 propterea
1154 2006 1239 2088 quod

64 2121 97 2181 et
132 2117 206 2181 inde
241 2119 281 2182 ab
305 2118 418 2182 ultima
442 2119 633 2202 antiquitate
657 2118 795 2183 Romani
818 2119 858 2182 iis
882 2119 930 2182 usi
954 2122 1028 2183 sunt
1051 2141 1108 2184 nec
1131 2124 1238 2205 potest

63 2234 275 2299 demonstrari
298 2256 350 2299 eos
375 2235 415 2298 ab
439 2235 589 2319 gentibus
613 2235 730 2299 exteris
754 2238 896 2318 sumptos
920 2257 998 2299 esse.

172 2348 244 2430 Sed,
280 2350 340 2414 etsi
364 2351 494 2414 dubium
519 2353 567 2414 est
590 2351 714 2414 numeri
737 2350 874 2414 illitam
898 2350 1017 2414 similes
1042 2349 1234 2416 Graecorum

61 2472 97 2530 et
131 2465 349 2531 Romanorum
383 2467 424 2531 ab
460 2467 569 2530 eodem
593 2467 679 2530 fonte
704 2466 791 2530 ducti
813 2466 879 2530 sint
901 2488 1011 2545 necne,
1034 2468 1142 2531 tamen
1166 2468 1236 2551 ipsa

62 2581 242 2648 similitudo
264 2583 366 2647 maior
389 2582 458 2646 uisa
482 2586 530 2646 est
554 2605 650 2666 quam
666 2604 747 2666 quae
764 2582 934 2666 praeteriri
951 2583 1082 2646 deberet
1098 2583 1225 2647 silentio

60 2698 131 2761 iam
164 2720 240 2762 uero
263 2702 295 2762 et
319 2699 359 2762 ad
381 2699 597 2784 cognitionem
621 2702 653 2762 et
677 2699 717 2763 ad
740 2699 902 2785 iudicium,
927 2721 989 2782 quo
1012 2699 1161 2762 uniuersa
1185 2699 1234 2762 in-

63 2812 154 2878 doles
178 2835 286 2878 eorum
309 2814 530 2898 rhythmorum
553 2815 607 2879 uel
629 2815 733 2900 magis
757 2814 954 2899 percipiatur
969 2813 1023 2877 uel
1039 2814 1236 2880 existimetur

62 2928 225 3010 subtilius,
260 2952 331 2994 eam
366 2931 634 3014 comparationem
668 2931 793 2995 institui
826 2930 920 2994 ualde
954 2930 1093 3013 prodest.
1138 2952 1237 3013 quare

62 3045 170 3129 magis
196 3047 390 3130 perspicitur
413 3048 567 3130 quomodo
590 3047 766 3131 antiquitus
789 3068 900 3110 sensus
923 3045 1087 3109 hominum
1109 3046 1236 3125 insitus,

63 3183 139 3227 cum
173 3165 359 3246 sequeretur
393 3163 532 3227 indolem
565 3162 697 3247 linguae
728 3162 762 3225 in
785 3183 848 3245 qua
871 3182 1020 3225 mensura
1043 3161 1236 3244 syllabarum

64 3278 241 3364 plurimum
264 3279 397 3357 ualeret,
423 3279 455 3342 in
478 3281 612 3362 utraque
637 3281 732 3363 gente
756 3299 902 3342 numeros
925 3278 1077 3342 sermonis
1093 3277 1237 3361 proprios

62 3398 168 3459 metro
203 3394 385 3459 deuinciens
418 3396 566 3459 tractarit
600 3397 695 3479 atque
730 3393 910 3459 excoluerit.
955 3415 1031 3457 sane
1059 3393 1235 3476 primordia

63 3511 124 3574 illa
158 3511 236 3574 artis
270 3511 416 3595 poeticae
451 3511 654 3594 antiquorum
687 3511 850 3593 incompta
884 3508 940 3573 illa
963 3509 1093 3592 quidem
1116 3508 1171 3572 sed
1195 3509 1235 3572 ab

64 3648 162 3690 sensu
194 3627 322 3690 aurium
344 3627 471 3712 integro
495 3649 532 3691 ac
555 3625 695 3691 naturali
718 3625 861 3710 profecta
883 3646 999 3708 operae
1022 3623 1162 3708 pretium
1186 3626 1236 3686 est

65 3743 270 3807 considerare
293 3743 332 3806 iis
356 3743 411 3827 qui
433 3765 544 3807 norma
567 3743 780 3826 posteriorum
803 3744 967 3826 poetarum
991 3744 1024 3805 et
1046 3739 1235 3824 grammati-

64 3881 178 3925 corum
200 3859 345 3944 dirigunt
367 3859 474 3923 omnia
498 3862 530 3922 et
552 3858 706 3942 quidquid
730 3881 768 3923 ea
790 3880 901 3922 norma
924 3856 1021 3942 dirigi
1043 3878 1106 3920 non
1121 3857 1237 3938 potest,

66 4126 135 4186 bica
158 4128 189 4184 et
212 4125 399 4201 anapaestica
423 4128 453 4184 et
476 4124 605 4200 tripodis
628 4125 754 4184 iambica
778 4127 808 4183 et
831 4123 1018 4200 anapaestica
1041 4120 1159 4181 Graecis
1175 4125 1238 4184 fue·

65 4218 141 4275 runt
163 4218 194 4273 et
216 4214 401 4274 hemistichia
424 4218 454 4273 et
476 4233 529 4290 per
552 4223 720 4285 se'uersus,
743 4213 884 4273 Romanis
900 4211 1093 4283 hemistichia,
1110 4230 1169 4270 non
1184 4233 1239 4290 per

67 4323 98 4365 se
121 4322 227 4363 uersus
250 4303 281 4362 in
305 4303 470 4363 domesticis
495 4303 613 4378 quidem
637 4303 824 4362 carminibus.
