2910 4778
616 298 685 344 mr.
705 298 762 344 111.
783 289 798 356 ἕ
819 299 842 344 5.
1238 258 1317 345 'omn

141 475 214 538 dem
238 474 394 539 utrumuis
418 495 520 558 genus
545 472 597 536 uel
621 472 811 556 disyllabum
835 472 887 535 uel
908 471 1159 556 monosyllabum
1177 471 1315 554 ponendi

140 592 240 654 fuisse
276 591 361 654 dicit.
409 587 446 652 In
477 588 627 654 Terentio
650 589 778 672 quidem
803 588 937 652 fortasse
961 589 994 652 id
1019 587 1188 652 discrimen
1211 588 1316 671 magis

139 707 314 770 tenendum
349 710 407 784 est,
443 706 526 789 quod
560 706 645 768 idem
680 705 788 788 plures
812 705 929 768 formas
953 705 1123 768 uerborum
1148 704 1259 786 plenas
1282 704 1316 766 in

139 826 277 886 exeunte
302 844 406 900 uersu,
431 822 614 886 imminutus
638 822 729 904 ponit
750 822 816 884 fere
841 822 873 883 in
898 821 1014 884 medio.
1060 821 1115 884 sed
1140 821 1177 883 de
1201 819 1316 884 Plauto

139 939 246 1022 magis
274 939 394 1002 dubito.
442 961 516 1001 nam
539 939 623 1021 quod
647 938 723 1002 libri
746 937 888 1001 Plautini
912 937 973 1020 ipsi
997 937 1030 1001 id
1053 937 1120 1001 fere
1146 936 1316 1000 discrimen

138 1054 248 1118 facere
284 1055 442 1132 uidentur,
478 1076 549 1117 oum
583 1076 646 1117 non
670 1054 809 1116 maxima
834 1057 882 1116 est
904 1054 1058 1117 librorum
1081 1053 1115 1115 in
1137 1052 1196 1115 tali
1220 1074 1254 1116 re
1278 1052 1316 1114 fi-

139 1170 207 1248 des
243 1174 308 1233 tum
345 1171 451 1234 nescio
480 1192 520 1232 an
544 1170 576 1232 id
600 1170 643 1232 sit
664 1170 843 1252 profectum
867 1173 916 1232 est
939 1169 1054 1252 puerili
1079 1169 1184 1232 studio
1208 1190 1316 1251 gram-

137 1286 251 1349 matici
285 1286 403 1350 ueteris
428 1286 482 1370 qui
508 1287 640 1349 eandem
665 1308 728 1369 qua
752 1286 955 1370 grammatici
980 1307 1057 1368 quos
1082 1285 1147 1348 dixi
1171 1290 1316 1348 recentes

138 1404 298 1467 rationem
315 1402 571 1485 amplecteretur.
619 1403 702 1484 quod
718 1403 860 1484 suspicor
876 1400 1110 1464 Antoninorum
1127 1403 1230 1463 aetate
1248 1422 1316 1463 esse

137 1519 271 1582 factum.
318 1541 421 1601 neque
445 1519 530 1581 enim
554 1519 623 1580 fieri
648 1519 679 1581 id
704 1518 845 1600 potuisse
871 1521 975 1580 aetate
999 1517 1205 1581 Ciceroniana
1221 1517 1316 1579 intel-

137 1635 261 1718 legitur
296 1657 334 1698 ex
370 1657 406 1698 eo
429 1635 513 1718 quod
537 1634 647 1698 Cicero
672 1656 716 1697 or.
764 1633 870 1715 §157
897 1631 1060 1708 ''sient’'‚
1085 1633 1199 1714 inquit,
1225 1630 1315 1714 ''ple-

137 1773 217 1814 num
241 1755 299 1829 est,
323 1751 406 1813 sint
429 1751 643 1825 imminutum,
668 1750 743 1813 licet
767 1753 857 1812 utare
882 1750 1048 1832 utroque”;
1067 1748 1315 1830 necquidquam

139 1867 304 1950 significat
339 1867 400 1931 sibi
430 1867 532 1930 uideri
557 1889 594 1930 ea
618 1889 676 1929 usu
700 1867 809 1929 locoue
835 1866 1071 1949 distinguenda.
1119 1868 1151 1927 et
1174 1864 1316 1928 Lucilius

138 1983 220 2046 siet
255 2005 313 2066 pro
339 1982 524 2066 pyrrhichio
560 1983 594 2045 in
617 1983 722 2046 medio
747 2004 841 2045 uersu
866 1982 956 2060 dixit,
982 2003 1033 2064 ap.
1057 1980 1157 2045 Macr.
1183 1979 1234 2046 Sa.
1259 1979 1316 2045 Vl.

138 2100 172 2162 4.
198 2101 217 2160 2
243 2099 346 2162 ”siet
370 2096 528 2176 additus'';
553 2096 599 2161 Id.
626 2122 676 2181 ap.
701 2097 773 2162 Vel.
798 2097 901 2181 Long.
928 2099 979 2162 63.
1005 2100 1024 2161 3
1049 2097 1089 2160 K
1111 2099 1152 2159 ”d
1177 2099 1259 2161 siet
1275 2120 1316 2160 an

140 2216 198 2291 b’',
230 2212 277 2277 Id.
303 2238 354 2298 ap.
380 2214 469 2279 Lact.
493 2215 566 2278 inst.
592 2213 638 2278 IV
663 2217 692 2278 3.
720 2217 759 2276 12
786 2212 888 2278 ”siet
912 2216 981 2277 ac''.
1028 2215 1236 2297 quamobrem
1260 2215 1317 2278 ob·

139 2353 234 2394 scura
269 2332 472 2415 grammatici
502 2332 619 2394 ueteris
644 2331 812 2413 diligentia
836 2331 964 2393 uidetur
988 2331 1130 2393 effecisse
1155 2330 1187 2392 in
1211 2329 1315 2392 Plaut.

140 2445 260 2528 Amph.
299 2448 359 2510 157
385 2453 420 2510 ut
444 2447 534 2511 libris
557 2447 737 2510 traderetur
761 2451 928 2528 corruptus
952 2446 1006 2508 ille
1023 2446 1197 2528 septenarii
1214 2446 1317 2507 exitus

140 2563 294 2625 ’'riuxili
319 2561 432 2640 siet''‚
457 2584 527 2626 cum
552 2563 688 2626 fortasse
712 2563 809 2626 fuerit
836 2561 926 2625 ”Nec
944 2563 1071 2625 causam
1088 2562 1184 2624 liceat
1200 2562 1315 2636 dicere,

140 2701 246 2760 neque
282 2682 453 2762 quicquam
487 2680 521 2741 in
556 2680 610 2742 erd
646 2679 729 2741 siet
753 2679 884 2743 auxili”.
930 2701 1033 2761 neque
1058 2679 1143 2740 enim
1167 2699 1245 2759 opus
1270 2679 1317 2740 est

139 2815 213 2857 cum
248 2793 453 2857 Lachmanno
488 2795 596 2878 legere
633 2796 696 2857 ”sit
731 2795 851 2857 auxili''
888 2816 990 2876 neque
1016 2816 1086 2856 cum
1111 2792 1249 2856 Luchsio
1273 2794 1318 2854 1111

138 2909 293 2974 inserere.
339 2932 401 2994 quo
436 2911 540 2994 magis
576 2911 775 2972 retinendum
812 2914 860 2972 est
891 2911 975 2992 quod
999 2913 1046 2971 ost
1070 2909 1102 2970 in
1127 2908 1217 2971 libris
1241 2908 1315 2971 Aul.

140 3025 206 3090 370
232 3023 489 3108 ’'Rapacidarum
512 3027 568 3088 ubi
592 3028 717 3089 tantum
741 3025 823 3088 siet
847 3023 1046 3089 inaedibus'’.

249 3139 329 3204 Sunt
364 3142 464 3225 igitur
492 3141 526 3203 in
549 3142 646 3204 tertia
670 3163 805 3223 persona
829 3141 986 3224 singulari
1009 3140 1101 3203 uerbi
1124 3139 1316 3203 substantiui

138 3257 172 3320 in
210 3257 410 3320 coniunctiuo
445 3258 536 3342 modo
572 3257 649 3320 dicti
686 3257 824 3339 uestigia
859 3256 973 3338 plenae
1001 3256 1088 3319 uocis
1113 3255 1236 3339 exigua,
1261 3256 1317 3318 sed

139 3373 265 3456 aliqua;
302 3373 335 3436 in
371 3374 509 3436 secunda
543 3395 678 3455 persona
714 3395 813 3454 paene
842 3371 939 3434 nulla.
987 3374 1217 3449 uerumtamen‚
1242 3372 1317 3453 quia

139 3490 196 3552 sis
222 3512 241 3551 a
264 3489 346 3551 sies
372 3511 440 3551 esse
464 3492 599 3570 oportet,
624 3489 694 3570 ipsa
717 3488 829 3571 lingua
852 3487 971 3550 latinae
994 3486 1128 3550 historia
1153 3487 1244 3549 docet
1261 3510 1317 3549 an-

137 3605 238 3687 tiquis
273 3604 426 3667 Romanis
461 3604 682 3687 pyrrhichium
713 3603 804 3665 illum.
827 3603 924 3666 fuisse
949 3603 982 3665 in
1006 3595 1074 3665 usu.
1122 3603 1207 3685 quod
1232 3603 1315 3664 enim

139 3721 235 3784 docet
267 3718 366 3784 Stoltz
390 3720 543 3803 gramm2.
569 3744 599 3802 p.
625 3721 688 3784 337
713 3742 771 3802 per
795 3719 909 3782 falsam
934 3719 1114 3802 analogiam
1139 3719 1224 3781 dicta
1249 3741 1316 3780 esse

138 3839 199 3900 sim
223 3838 267 3898 sis
289 3838 331 3899 sit
353 3837 443 3919 quasi
468 3837 658 3899 adsimulata
681 3835 745 3898 illis
769 3837 867 3898 suune
891 3839 923 3897 et
945 3837 1023 3913 sitis,
1048 3857 1139 3898 nemo
1163 3835 1224 3897 erit
1240 3835 1317 3917 quin

139 3952 296 4016 rationem
322 3952 354 4014 in
380 3952 464 4015 souis
480 3956 595 4015 natura
611 3952 749 4034 positam
767 3955 941 4033 anteponat
957 3951 1056 4013 falsae
1074 3950 1120 4012 illi
1137 3949 1316 4032 analogiae,

139 4089 224 4151 quae
249 4090 321 4131 cum
345 4089 495 4152 magnum
521 4067 666 4131 obtineat
689 4067 794 4130 locum
818 4067 851 4128 in
875 4088 1029 4144 sermone,
1054 4069 1160 4128 tamen
1185 4069 1317 4146 propter

138 4185 298 4246 incertam
333 4205 513 4266 uagamque
549 4183 615 4246 uim
649 4186 717 4246 tum
754 4183 880 4245 demum
916 4203 988 4245 cum
1012 4180 1075 4243 alia.
1099 4180 1203 4243 desint
1227 4181 1317 4262 quasi

140 4303 320 4364 extremum
345 4299 519 4362 subsidium
544 4299 578 4361 in
601 4299 800 4362 subtiliorem
824 4298 1070 4380 disputationem
1096 4295 1243 4360 adhiberi
1262 4296 1316 4358 de·
