2910 4778
582 318 652 364 cnr.
671 318 702 364 x.
1087 292 1088 296 ’
1142 315 1234 363 coru

55 475 141 557 uatis
159 492 368 556 dedicationis
384 490 495 554 titulos
512 490 647 572 scriptos
664 511 732 554 esse
749 488 906 553 Saturniis
919 490 1089 553 ostendunt
1100 488 1230 554 tabulae

54 607 294 673 Vertuleiorurn
319 611 351 671 et
375 628 558 690 coquorum,
582 606 663 670 Ded.
688 607 709 669 4
733 609 765 669 et
789 606 819 669 5.
867 627 926 669 nec
949 610 1058 669 tamen
1081 628 1144 669 uno
1162 627 1229 668 me-

54 731 106 788 tro
130 723 279 789 Saturnio
302 723 516 787 dedicationes
541 723 823 805 componebantur.
859 744 933 785 nam
948 722 998 784 tit.
1016 722 1131 799 Dueni,
1148 720 1230 784 Ded.

56 845 87 920 3,
123 843 281 923 quatenus
312 839 422 902 scandi
446 862 464 902 a
488 862 537 902 me
561 839 675 922 potuit,
700 841 824 902 constat
847 837 1059 922 quaternariis
1085 837 1232 901 iambicis
1308 886 1311 891 .
1346 912 1349 927 Ι

55 957 157 1020 altero
193 956 377 1033 acatalecto,
401 955 588 1018 catalectico
612 955 723 1019 altero.
770 977 864 1018 nemo
889 957 995 1017 autem
1020 954 1147 1036 putabit
1171 976 1230 1016 nu-

56 1094 161 1136 meros
196 1070 364 1135 Ptautinos
397 1072 557 1134 imitatum
582 1093 649 1134 esse
674 1093 745 1134 eum
769 1071 825 1154 qui
848 1070 977 1134 titulum
1003 1068 1151 1133 ''Dueni''
1176 1071 1231 1153 qui

56 1188 173 1251 dicitur
196 1187 324 1251 ineunte
349 1185 379 1250 V
403 1187 529 1250 saeculo
552 1187 689 1269 scripsit.
737 1187 959 1271 quaternarius
979 1186 1134 1250 iambicus
1158 1207 1231 1248 aca-

55 1303 192 1366 taleotus
228 1306 276 1366 est
312 1303 412 1365 etiam¹
445 1303 477 1365 in
507 1303 705 1366 dedicatione
730 1301 861 1381 Aufidii,
886 1302 968 1366 Ded.
994 1306 1023 1375 ὓ,
1048 1302 1115 1365 siue
1140 1302 1232 1365 modo

57 1417 282 1497 Mommsenus‚
308 1419 375 1481 siue
401 1441 462 1503 ego
486 1440 548 1483 non
570 1441 670 1502 praue
694 1419 915 1502 supplementa
940 1420 1006 1481 cius
1031 1440 1140 1481 uersus
1157 1417 1230 1481 feci.

57 1538 146 1598 certa
170 1537 276 1597 autem
300 1534 436 1597 lectione
455 1538 502 1597 est
518 1535 740 1619 quaternarius
757 1534 965 1598 dedicationis
982 1538 1114 1618 quartae
1133 1530 1230 1597 'Iouei

58 1647 196 1713 Iunoner'
217 1648 397 1714 Mine‘ruai‘.
435 1651 531 1713 etiam
548 1651 701 1714 formulae
726 1650 799 1714 illae
824 1650 1031 1714 dedicationis
1052 1650 1233 1713 tralaticiae

61 1766 185 1830 ’lubens
213 1766 327 1829 merito
350 1764 502 1830 merente'
526 1767 671 1850 aliaeque
696 1766 859 1845 eiusmodi,
884 1788 962 1849 quas
987 1766 1232 1829 commemoraui

57 1903 87 1964 p.
125 1847 179 1961 dd,
215 1883 455 1964 quaternarium
491 1882 642 1959 efficiunt,
678 1883 760 1965 quod
795 1886 903 1945 utrum
937 1905 1012 1946 casu
1036 1905 1076 1946 an
1100 1882 1231 1946 consilio

56 1998 181 2060 factum
205 1997 246 2059 sit
269 1998 391 2081 ignore,
416 1999 470 2060 sed
487 2000 630 2081 suspicor
645 1967 685 2060 ire
703 1999 742 2062 ab
759 1997 809 2060 his
826 1998 954 2082 quidem
970 1998 1112 2082 rhythmi
1130 1999 1232 2082 quod-

56 2114 131 2176 dam
156 2113 295 2176 studium
320 2113 447 2176 afuisse.
494 2135 530 2177 ac
556 2114 712 2177 dedicatio
736 2113 772 2178 L.
795 2112 952 2191 Mummii,
977 2136 1058 2197 quae
1075 2115 1108 2177 in
1124 2119 1232 2178 monte

56 2227 166 2292 Caelio
189 2228 321 2290 inuenta
345 2232 402 2305 est,
427 2225 491 2291 Vll
515 2229 641 2293 saeculo
665 2230 794 2292 ineunte
819 2230 931 2293 eodem
955 2252 1072 2314 genere
1089 2231 1234 2294 uersicu-

52 2345 161 2408 lorum
176 2344 294 2426 partim
310 2343 455 2423 iambico,
473 2345 590 2427 partim
606 2345 768 2409 trochaico
784 2345 904 2428 scripta
916 2350 974 2408 est.
999 2347 1104 2428 patria
1121 2350 1228 2409 autern

54 2463 90 2524 et
127 2459 298 2522 domestica
330 2461 476 2543 exempla
500 2460 606 2524 uerbis
630 2461 707 2543 ipsis
731 2461 874 2524 imitatus
899 2465 947 2524 est
971 2462 1022 2525 uel
1046 2433 1233 2545 potiuslde-

54 2575 189 2658 scripsit
212 2576 239 2638 is
263 2577 318 2658 qui
343 2576 574 2640 dedicationem
591 2599 661 2640 earn
677 2577 907 2641 Mummianam
924 2578 1136 2656 concinnauit,
1154 2600 1231 2661 ergo

54 2693 157 2756 etiam
191 2692 225 2755 in
259 2693 399 2755 numeris
434 2715 520 2756 more
556 2693 727 2756 domestico
756 2697 926 2776 uetereque
951 2715 1023 2756 eum
1047 2716 1136 2756 usum
1162 2678 1231 2756 esse

54 2831 94 2873 eo
119 2809 223 2892 magis
248 2809 423 2891 putandum
454 2810 503 2871 est
526 2809 618 2890 quod,
643 2811 678 2871 ut
703 2809 999 2887 demonstrauimus,
1024 2809 1057 2871 in
1081 2809 1230 2871 carmini-

57 2926 118 2988 bus
141 2923 235 2987 huius
259 2924 386 3007 generis
411 2945 485 2986 usus
511 2922 735 2988 Saturniorunr
752 2925 1089 3008 quaterrrariorumque
1106 2924 1230 2987 italico-

54 3061 127 3103 rurn
153 3039 214 3102 fuit
237 3040 408 3104 sollemnia.
446 3040 501 3103 alii
526 3062 597 3104 eum
621 3041 751 3104 titulum
775 3040 933 3104 Saturniis
959 3040 1097 3104 dimetiri
1114 3061 1233 3103 conan-

55 3161 122 3232 tur,
157 3156 240 3238 quod
273 3177 344 3219 curn
369 3156 472 3218 minus
496 3156 535 3218 iis
559 3157 749 3239 processisse
774 3157 926 3235 uiderem,
951 3179 1060 3220 uersus
1085 3157 1231 3238 discripsi

55 3271 248 3335 monocolos
295 3294 406 3335 uerum
440 3277 558 3347 tamen,
594 3273 677 3355 quod
713 3273 822 3357 magni
857 3273 1008 3336 momenti
1040 3275 1097 3349 est,
1121 3295 1231 3336 omnes

55 3408 170 3450 uersus
195 3387 401 3452 dedicationis
425 3387 641 3451 Mummianae
665 3392 794 3471 praeter
816 3388 975 3463 ultimum,
995 3388 1047 3451 uel
1063 3411 1115 3451 uu.
1134 3390 1233 3466 1---8‚

57 3503 127 3565 eius
162 3506 235 3565 sunt
269 3504 407 3587 generis,
442 3525 523 3586 quae
551 3503 755 3567 hemistichia
777 3507 850 3566 sunt
874 3525 984 3567 uersus
1008 3504 1152 3569 saturnii.
1199 3509 1234 3566 et

57 3619 209 3702 quoniam
244 3620 420 3683 saturnium
457 3641 584 3683 uersum
619 3620 652 3682 in
681 3620 932 3684 dedicationibus
956 3620 1109 3685 usitatum
1132 3619 1235 3682 fuisse

58 3737 92 3798 et
126 3735 316 3798 testimoniis
353 3740 384 3798 et
418 3736 572 3818 exemplis
607 3736 778 3818 probatum
808 3740 865 3815 est,
890 3736 966 3820 quid
990 3736 1145 3818 estquod
1169 3757 1232 3798 non

58 3871 269 3934 agnoscamus
304 3851 337 3914 id
371 3852 453 3934 quod
489 3855 562 3914 ante
598 3852 706 3915 oculos
740 3853 880 3934 positum
907 3852 949 3915 sit
972 3855 1027 3915 aut
1050 3851 1234 3915 dubitemus

58 3966 137 4049 quin
172 3988 253 4048 quae
286 3967 354 4030 cola
378 3967 453 4031 bina
483 3967 677 4031 coniunctim
702 3968 810 4031 eadem
836 3967 1025 4052 singillatim
1048 3988 1159 4030 uersus
1183 3967 1235 4028 ef·

58 4082 155 4145 ficere
179 4083 340 4163 potuerint
364 4104 435 4145 cum
459 4083 493 4145 in
516 4083 587 4146 aliis
611 4083 783 4167 generibus
806 4084 911 4166 poesis
935 4082 1149 4147 Romanorum
1173 4104 1230 4144 an-

58 4197 257 4280 tiquissimae
273 4201 341 4260 tum
358 4198 390 4260 in
407 4199 601 4262 carminibus
619 4199 847 4263 dedicationis?
878 4199 941 4262 iarn
959 4198 1106 4281 antiquus
1123 4217 1233 4281 gram-

59 4313 194 4377 maticus
230 4312 351 4377 Marius
386 4313 571 4378 Victorinus
595 4336 627 4397 p.
652 4317 692 4379 79
716 4314 752 4378 K
774 4313 958 4379 Obseruauit
980 4335 1039 4396 per
1062 4335 1095 4376 se
1120 4335 1235 4376 uersus
