2910 4778
589 110 660 159 CAP.
678 108 713 160 11.
1151 109 1237 161 xxm

169 240 223 344 ua
256 280 395 345 uarietas
429 281 569 347 thesium
599 301 842 366 suppressurum
868 283 971 368 qualis
994 284 1037 349 sit
1058 284 1236 369 quibusque

53 393 210 480 rhythmi
232 395 359 480 legibus
382 399 540 476 teneatur,
563 396 617 462 hic
638 395 733 463 iudex
754 398 904 464 ostendit.

564 535 589 565 υ
611 541 641 551 -
751 512 873 578 dabunt
894 515 1015 580 mallim
1037 512 1157 581 Metilii

464 651 489 681 υ
608 654 639 667 ··
749 630 872 695 dabunt
893 630 1013 695 malum
1035 627 1160 696 Metelli

462 766 489 796 υ
608 772 638 782 -
748 746 871 812 dabunt
892 742 951 810 ccc
973 745 1099 813 Metelli

465 882 490 912 υ
610 886 641 899 -
750 861 872 926 dabunt
894 858 1014 926 mallim
1037 858 1130 927 multi

750 976 910 1042 dabuntur
932 977 1084 1060 permulti

750 1091 828 1155 dant
850 1091 970 1156 malum
992 1091 1112 1158 Metilii

749 1206 826 1271 duint
847 1208 968 1273 malum
990 1208 1117 1274 Metelli

748 1316 825 1387 duint
846 1323 908 1388 heic
928 1321 1056 1390 Metelli

749 1437 826 1502 dunt
848 1439 968 1504 malum
991 1440 1084 1505 multi

749 1554 865 1618 duntur
887 1555 1049 1639 permulti.

173 1666 233 1731 Est
268 1666 364 1732 etiam
395 1666 523 1752 dipodia
545 1667 719 1733 trochaica.
766 1691 802 1733 ea
825 1674 938 1754 quater
960 1671 1118 1756 repetitur
1141 1670 1235 1737 Com·

53 1801 153 1868 =pree.
176 1785 206 1848 9.
233 1783 374 1864 11-14,
397 1786 448 1848 ter
470 1783 633 1869 Comprec.
660 1785 710 1850 14.
735 1786 766 1850 4.
792 1822 833 1830 —
858 1788 891 1850 et
913 1809 971 1871 per
994 1809 1027 1852 se
1044 1791 1076 1852 et
1092 1787 1126 1852 in
1141 1791 1261 1872 parte.

59 1899 201 1964 saturnii
223 1902 395 1983 usurpatur
418 1900 639 1985 quaternarius
662 1900 817 1967 iambicus
840 1902 1045 1968 catalecticus
1068 1923 1092 1970 a
1113 1907 1147 1968 tt
1169 1905 1235 1968 tro·

56 2015 194 2080 chaicus
228 2014 523 2099 brachycatalectus
556 2015 598 2096 b;
621 2016 761 2101 itemque
788 2018 960 2082 uarietates
983 2041 1162 2100 cerumar,
1185 2019 1235 2100 br,

57 2155 114 2210 aa,
137 2131 186 2198 bc.
231 2152 387 2214 nusquam
402 2135 510 2197 autem
523 2154 582 2197 nec
598 2133 819 2217 quaternarius
836 2134 1030 2199 acatalectus
1045 2134 1080 2202 A
1094 2157 1153 2201 uec
1168 2141 1235 2201 trc-

60 2246 195 2311 chaicus
215 2247 419 2312 catalecticus
433 2246 463 2315 B
478 2253 672 2332 usurpantur
686 2248 748 2313 nisi
764 2251 799 2313 ut
814 2271 921 2333 perse
937 2272 1062 2316 uersum
1079 2251 1234 2331 efficiant3

57 2384 147 2447 quae
182 2384 300 2448 genera
331 2361 361 2427 A
388 2364 421 2427 et
442 2362 471 2428 B
494 2363 606 2428 curin
628 2368 720 2449 parte
744 2364 879 2429 saturnii
902 2387 966 2431 non
988 2364 1053 2429 sint
1075 2366 1233 2432 rationem

61 2478 191 2544 reddidi
214 2501 246 2563 p.
269 2477 309 2543 X.
1201 2470 1206 2481 ’

171 2592 353 2659 Proximum
387 2599 436 2658 est
468 2597 505 2659 ut
538 2616 619 2680 quae
654 2596 807 2680 cuiusque
842 2596 907 2660 sint
937 2596 1064 2681 generis
1088 2597 1234 2683 exempla

63 2731 261 2775 enumerem.

396 2881 426 2946 1.
473 2879 569 2946 Cola
592 2902 676 2946 cum
700 2882 902 2948 anacrusi.

56 2993 108 3062 Δ.
154 2993 243 3062 Seni.
279 2997 425 3075 19-213
459 2995 533 3062 ²⁸60.
569 2999 606 3074 23
642 2996 714 3062 ¹⁸62.
751 2999 781 3064 1.
817 3034 858 3044 -—
891 2997 1055 3083 Comprec.
1079 3000 1110 3063 4.
1136 3003 1166 3064 3.
1192 3035 1233 3045 ·-

154 3111 360 3196 (anapaestici
381 3112 517 3194 uersus).

154 3223 241 3291 Sent.
266 3229 304 3305 83
331 3227 382 3290 18.
408 3264 448 3272 -
473 3227 1030 3314 (quasitoqucedici,9lycouci1.·i).

153 3341 242 3408 Sent.
266 3345 302 3420 53
329 3344 380 3409 10.
405 3377 446 3388 -
470 3344 578 3428 (quusi
600 3344 776 3429 toqacedici,
799 3345 940 3431 qtyccuci
961 3345 1049 3428 rra).

154 3455 240 3523 Seut.
266 3460 368 3538 1-4;
393 3459 539 3538 6;7;9;
558 3461 1179 3540 11—17;56.1;57.1;58.1;69.1
1198 3461 1233 3543 ¹).

179 3710 202 3788 ¹)
225 3716 390 3776 Prouerbia
424 3716 534 3776 inserte
568 3711 704 3778 uersibus
738 3722 905 3794 poetarum,
941 3736 1017 3794 quae
1045 3718 1235 3778 continentur

59 3805 237 3882 Appendice
266 3806 282 3864 Ι
304 3825 335 3883 p.
360 3806 400 3866 17
424 3825 480 3883 sq„
504 3805 535 3864 in
557 3807 637 3867 hunc
658 3807 785 3866 indicem
808 3809 1010 3883 exemplorum
1032 3807 1160 3884 recipere
1184 3826 1233 3866 no·

59 3894 125 3966 lui;
148 3897 306 3970 propterea
330 3897 411 3970 quod
433 3914 487 3954 nec
508 3897 623 3956 scansio
646 3915 749 3956 eorum
772 3900 854 3956 certa
878 3899 923 3955 est
946 3915 998 3955 nec
1021 3895 1119 3968 lectio,
1143 3899 1233 3972 atquc

62 3984 156 4054 etium
179 3983 215 4042 de
239 3983 417 4060 quibusdam
440 3980 603 4061 ambigitur
626 4005 644 4042 a
665 3986 777 4062 populo
800 3986 880 4045 facta
902 3984 962 4044 sint
978 4005 1016 4043 an
1031 4005 1049 4042 a
1063 3985 1159 4061 poetis
1175 4003 1235 4044 sce-

62 4073 147 4144 nicis,
172 4091 299 4149 quorum
323 4073 353 4131 in
376 4073 486 4133 fabulis
508 4075 636 4145 exstant,
659 4074 791 4134 iuuenta.
