2910 4778
630 338 832 386 Moauvoavm.

575 632 647 707 00
674 610 729 704 ix'
760 634 873 706 1733.

461 847 597 920 Leibdr
624 872 659 915 ῦ
686 875 721 913 -1
748 871 784 913 U
810 875 846 913 m
874 875 908 913 .¹.

463 972 627 1066 patrdno
656 972 752 1046 be'ne
780 974 935 1044 merenti

465 1097 628 1171 deducta
655 1121 738 1169 sum
766 1071 940 1190 Aemilia,

462 1223 502 1293 in
530 1223 604 1317 qua
632 1221 745 1294 domo
773 1222 829 1293 nil
855 1222 966 1294 ddlaa'.

462 1434 650 1508 Patrdnus
678 1434 748 1507 hdo
776 1438 1037 1506 monumentum
1287 1449 1312 1502 5.

461 1559 644 1632 lcibertae
672 1558 852 1632 Aemiliae
878 1559 962 1653 feeit

462 1685 562 1778 quod
590 1683 759 1757 uiserdnt
787 1687 943 1756 medates

464 1813 752 1881 atavam
806 1835 914 1882 aa,

139 2073 236 2131 uerba
271 2071 409 2129 diuisum.
455 2069 563 2127 VALE
599 2069 727 2128 SALVE
763 2073 846 2128 extra
874 2070 1064 2146 rhythmum3
1090 2069 1173 2128 cuius
1196 2071 1312 2146 generis

140 2162 276 2236 exempla
310 2164 381 2219 sunt
413 2179 460 2234 ap.
485 2159 679 2218 Ritschelium
703 2159 758 2236 Op.
782 2160 835 2218 IV.
861 2159 901 2218 85
927 2178 971 2236 sq.
1017 2160 1148 2234 itemque
1171 2159 1202 2217 in
1224 2160 1315 2218 titulo

143 2249 329 2326 Hispaniensi
364 2267 398 2306 ex
432 2247 546 2306 laciniis
582 2249 734 2322 dactylicis
769 2249 875 2306 misera
912 2248 1064 2326 diligentia
1088 2251 1212 2328 consuto
1238 2246 1312 2305 CIL.

142 2341 173 2398 ΙΙ
212 2338 293 2396 1821
332 2337 413 2395 AVE
450 2336 661 2395 HERENNIA
690 2336 861 2396 0110011111]
885 2337 993 2396 CARA
1017 2336 1138 2396 SVEIS.
1162 2333 1172 2411 1
1195 2331 1314 2395 Inclusa

135 2427 192 2487 hdc
233 2429 350 2485 tumulo
392 2419 402 2494 1
447 2425 571 2484 Ordcine
613 2419 702 2500 (ciel)
738 2429 806 2485 cara
841 2430 928 2485 suels.
967 2426 1056 2484 ”Vixi
1091 2445 1146 2503 ego
1181 2429 1218 2484 01
1246 2429 1315 2483 ante

140 2519 216 2576 aliae
251 2516 352 2574 uixere
386 2515 513 2592 puellae.
561 2514 624 2572 Iam
654 2515 726 2573 satis
762 2518 806 2573 est
832 2516 926 2574 lector
950 2515 1109 2584 discedens
1136 2513 1313 2584 '’Ordcine”,

138 2607 218 2665 dicat
253 2604 293 2677 (d.
332 2603 363 2662 11.
401 2599 507 2681 lapis),
545 2602 611 2661 ”Sit
633 2603 689 2661 tibi
712 2607 792 2661 terra
815 2604 921 2661 leuis''.
946 2597 955 2674 1
978 2603 1138 2661 VALETE
1160 2603 1313 2662 SVPERI.

136 2696 210 2754 item
234 2693 297 2753 CIL
321 2693 365 2751 IV
391 2693 474 2751 1852
499 2691 593 2761 ITAQ
617 2691 725 2750 VALE
749 2695 833 2750 extra
857 2693 1041 2768 rhythmum.

250 2777 285 2840 V.
310 2779 341 2840 3.
387 2777 528 2839 lacertas
555 2782 733 2840 coeretuit
769 2784 865 2856 00010
896 2801 948 2839 me
972 2781 1002 2838 in
1026 2782 1085 2840 duo
1108 2781 1312 2855 monosyllaba

136 2872 254 2943 desinit,
291 2871 371 2947 quod
405 2871 434 2928 in
471 2871 648 2929 hexametris
675 2874 861 2946 usurparunt
883 2874 991 2946 poetae
1016 2890 1249 2945 nonnumquam.
1275 2871 1314 2927 01.

137 2961 247 3020 Verres
277 2962 311 3018 de
336 2959 407 3018 Silio
430 2981 460 3036 p.
486 2961 538 3018 60.
585 2961 625 3018 sic
649 2960 761 3018 Ennius
786 2961 822 3017 A.
850 2960 911 3017 363
944 2953 1101 3017 V=246
1128 2953 1176 3016 M.
1226 2958 1315 3017 ”Non

137 3070 256 3126 semper
286 3044 390 3108 uostra
420 3051 547 3108 euortit:
579 3068 657 3107 nunc
692 3049 828 3124 luppiter
851 3050 919 3107 hac
943 3051 1055 3106 stat”.
1103 3046 1167 3105 CIL
1190 3048 1205 3106 Ι
1231 3047 1315 3106 1452

140 3140 328 3214 ”Postquam
365 3139 535 3197 ceciderunt
569 3139 612 3196 sei
650 3140 722 3196 sunt
745 3133 830 3195 melu
876 3137 1002 3196 consulis
1026 3140 1093 3195 100
1118 3141 1203 3194 me”.
1251 3128 1315 3194 ott

136 3228 181 3286 VI
219 3231 291 3286 555.
330 3230 347 3286 5
381 3223 416 3284 ia
439 3222 499 3285 tab.
524 3220 619 3284 dedic.
669 3226 766 3285 ”Hinc
790 3227 886 3285 oritur
908 3227 1067 3302 pergitque
1090 3226 1185 3285 110000
1209 3226 1313 3284 deinde

137 3317 247 3376 occidit
269 3317 305 3374 in
330 3320 401 3375 se”.
448 3319 519 3374 sunt
541 3316 629 3373 etiam
654 3335 712 3374 non
728 3316 816 3391 pauci
831 3334 935 3374 uersus
953 3316 1136 3374 scenicorum
1152 3315 1207 3373 tali
1223 3316 1315 3373 exitu.

137 3410 169 3465 et
191 3406 220 3463 10
244 3405 482 3480 hendecasyllabi
505 3405 586 3462 exitu
610 3405 754 3463 Martialis
777 3404 836 3462 XII
863 3404 912 3474 18,
939 3405 979 3462 22
1004 3405 1158 3464 ”Venator
1180 3404 1316 3480 sequitur

137 3497 190 3554 sed
223 3495 272 3552 ille
308 3512 416 3569 quem
451 3498 493 3552 tu
526 3490 536 3567 1
571 3493 689 3553 Secreta
715 3493 815 3569 cupias
839 3493 947 3552 habere
971 3494 1067 3552 silua'’
1093 3497 1222 3569 atquae
1246 3495 1317 3551 0001

137 3584 201 3644 0100
228 3583 343 3660 generis
366 3584 461 3641 relata
485 3603 501 3641 a
525 3583 752 3641 Friedlaendero
774 3583 868 3658 praef.
891 3603 921 3658 p.
948 3583 988 3640 29
1005 3602 1049 3658 sq.

248 3666 306 3732 16.
352 3672 528 3731 Beneuenti.
564 3703 603 3711 —
641 3672 779 3747 suppleui
813 3691 847 3730 00
883 3690 959 3747 0000
984 3672 1087 3729 dextra
1110 3675 1197 3747 parte
1220 3671 1317 3729 fracta

138 3761 303 3839 perierunt.
339 3780 415 3836 0000
449 3781 575 3838 superne
611 3763 641 3819 01
674 3761 798 3830 inferne,
834 3780 868 3819 ea
903 3760 1003 3819 minus
1026 3765 1151 3837 possunt
1174 3759 1315 3837 suppleri.

138 3850 261 3909 tametsi
294 3869 438 3908 uersuum
473 3851 503 3907 4>
528 3853 558 3908 et
583 3850 599 3907 7
625 3849 723 3908 minus
747 3853 827 3908 certa
851 3852 896 3908 001
918 3850 1070 3908 restitutio
1094 3869 1183 3925 quam
1208 3853 1316 3907 cetero·

138 3960 217 4008 rum,
243 3942 344 3997 tamen
367 3939 410 3997 ibi
433 3958 552 4015 quoque
576 3941 722 4014 quantum
747 3939 822 3996 desit
844 3939 915 3996 satis
938 3939 1126 4014 perspicitur.
1174 3939 1316 4013 adquae·

140 4031 209 4088 dam
247 4028 393 4087 Garucius
429 4028 501 4104 Syll.
529 4029 611 4086 1628
637 4028 697 4085 dux
720 4028 791 4084 mihi
815 4027 882 4085 fuit.
930 4046 997 4085 cum
1020 4047 1050 4085 0.
1076 4028 1096 4084 4
1121 4027 1158 4086 cf.
1184 4027 1248 4085 CIL
1272 4027 1315 4085 VI

142 4117 227 4176 9141
255 4117 395 4192 ”coniugi
419 4118 619 4176 sanctissimae
644 4120 673 4174 01
697 4115 880 4185 carissimae3
906 4116 947 4174 de
971 4134 1044 4190 qua
1068 4116 1201 4174 doluit
1216 4116 1270 4173 nil
1290 4115 1318 4174 il
1440 4173 1443 4178 .

141 4208 198 4266 nisi
222 4227 301 4265 mors
325 4207 424 4273 eius”‚
448 4206 583 4264 similiter
606 4205 680 4264 cla.
704 4205 749 4263 VI
773 4205 857 4263 9438
883 4208 913 4262 01
935 4205 963 4260 V
986 4203 1084 4263 4113.

250 4295 333 4365 Quae
357 4295 454 4354 estin
478 4295 576 4371 lapide
599 4313 744 4354 uersuum
768 4294 929 4369 discriptio,
954 4313 1018 4351 eam
1042 4313 1133 4370 supra
1155 4293 1280 4352 reddidi.
