2910 4778
625 354 825 402 Mosrvoievu.

157 769 183 821 7.
394 749 545 848 Elogium
572 749 614 828 Μ.
643 747 783 828 Caecilii.
838 778 927 827 soce.
964 752 1051 826 VII.

137 942 223 1016 Hoc
252 941 479 1015 estfactum
507 940 797 1014 monumentum
851 941 1001 1013 Maarco
1031 939 1194 1014 Caiellio.

136 1065 288 1160 hospes,
307 1067 459 1161 gratim
480 1068 538 1138 est
557 1088 672 1160 quom
691 1066 790 1159 apud
806 1087 909 1138 meas
950 1064 1149 1139 restitistei
1163 1065 1306 1140 stodes.

137 1192 236 1265 bene
264 1190 346 1264 rem
373 1191 483 1284 geras
511 1194 551 1263 et
578 1190 719 1278 ualeas,
775 1188 941 1262 dormias
968 1191 1049 1263 sine
1078 1191 1184 1284 qdra.

156 1442 181 1496 8.
478 1429 551 1502 CIL
578 1429 614 1501 X
643 1430 758 1504 4255.
813 1429 832 1501 Ι
865 1430 977 1502 1241.

392 1616 436 1688 P.
460 1615 648 1688 conavi·
670 1617 717 1688 n·
739 1617 782 1688 n·
804 1595 989 1709 rainoni
1016 1610 1062 1712 sl

438 1749 566 1823 OSSA·
588 1748 715 1821 HEIO·
738 1748 859 1822 sirn-
882 1749 1008 1822 SVNT

191 1885 279 1957 Deis
307 1884 471 1957 inferum
498 1880 702 1978 partiatum
810 1884 969 1955 storum.
1026 1887 1067 1955 ni
1093 1885 1250 1957 uiolato.

245 2130 278 2195 7.
325 2134 389 2193 CIL
412 2134 456 2193 VI
482 2135 599 2193 13696.
644 2134 1310 2211 11006.PLMnx1x1>.-”lapisTibu1·-

134 2225 218 2283 tinus
252 2224 359 2282 litteris
389 2224 520 2298 antiquis
544 2224 574 2281 in
597 2223 648 2280 uia
673 2222 793 2299 Appia’'
818 2217 922 2283 Hertz.
946 2218 1087 2282 Momms.
1111 2243 1216 2283 uersus
1238 2225 1311 2301 lapi·

137 2314 183 2371 dis
219 2317 288 2371 sunt
322 2313 507 2371 hemistichia
541 2312 676 2370 saturnia
712 2317 831 2388 praeter
864 2333 917 2371 uu.
954 2315 972 2370 3
997 2316 1027 2371 et
1050 2314 1070 2370 4
1093 2313 1199 2388 lapidis
1222 2314 1311 2389 spatii

137 2421 229 2461 causa
252 2402 293 2461 sic
316 2401 426 2460 diuisos
449 2400 599 2459 HOSPES
626 2431 666 2439 -
691 2401 801 2459 APVD
829 2391 832 2481 Ι
857 2402 965 2460 Mans
989 2433 1030 2440 —
1054 2401 1211 2460 SEEDES.

247 2503 281 2570 8.
329 2508 411 2566 PLM
434 2527 528 2566 axxvr
550 2527 581 2568 u.
627 2508 656 2565 in
677 2527 752 2566 mus.
769 2507 894 2584 Neapol.
911 2509 1019 2567 litteris
1034 2509 1171 2568 uetustis.
1210 2509 1312 2567 addita

138 2600 213 2657 sunt
246 2602 377 2656 extrema
412 2598 499 2656 haec:
535 2597 566 2655 in
590 2615 663 2672 agro
685 2597 789 2672 pedes·
811 2597 880 2655 XV·
902 2598 947 2655 in·
968 2597 1018 2655 uia
1042 2598 1130 2672 pedes
1153 2597 1222 2656 XV·
1245 2597 1312 2656 Phi-

138 2689 281 2763 largurus
315 2689 340 2745 l·
363 2689 407 2744 et·
429 2687 558 2745 socius'’.
595 2716 635 2724 -
672 2685 879 2744 Stichometria
913 2686 943 2744 in
970 2686 1067 2762 lapide
1091 2688 1155 2745 cola
1178 2687 1312 2744 saturnia

140 2777 278 2834 uersibus
314 2775 479 2851 distinguit.
520 2806 554 2817 -
586 2765 735 2834 siarum
757 2775 971 2851 paenultimam
994 2775 1139 2851 positione
1162 2776 1311 2851 producit.

136 2884 239 2924 sacr·
274 2867 420 2941 augustea
455 2867 552 2922 aetate
582 2863 709 2940 produci
732 2864 910 2940 saepissima,
934 2883 1003 2923 raro
1027 2864 1145 2939 corripi,
1170 2866 1200 2922 et
1222 2864 1310 2923 huius

139 2954 241 3030 stirpis
265 2972 353 3013 uoces
377 2972 439 3012 esse
462 2954 540 3011 inter
563 2954 659 3028 prima
682 2972 759 3029 quae
782 2953 927 3029 positione
950 2955 1096 3029 producta
1119 2953 1179 3011 sint
1194 2953 1311 3012 demon·

142 3043 254 3101 strauit
290 3041 407 3102 Oonrad
441 3043 476 3100 de
511 3043 655 3118 positione
689 3057 744 3120 pp.
769 3039 790 3100 7
813 3044 840 3100 et
864 3039 915 3101 10.
961 3043 1025 3101 Iam
1047 3041 1161 3100 Ennius
1182 3042 1220 3100 A.
1247 3041 1309 3100 277

144 3125 180 3207 V,
218 3133 280 3189 233
307 3126 347 3189 M
365 3131 457 3191 Poeni
479 3149 548 3189 snos
571 3130 652 3190 soliti
675 3131 718 3189 dis
741 3131 1138 3207 sacrificarepuellos”.
1178 3130 1311 3190 Lucilius

137 3240 185 3296 ap.
220 3221 301 3279 Fest.
336 3235 373 3277 ea
406 3235 513 3297 opcpr.
550 3215 569 3276 1.
605 3211 677 3277 XX
703 3236 737 3298 p.
774 3216 848 3278 574.
885 3216 930 3278 22
965 3214 1084 3278 lhewr.
1120 3219 1237 3279 ”Nemo
1263 3220 1311 3278 hie

135 3309 280 3368 uindicias
315 3327 410 3384 neque
445 3313 531 3367 sacra
556 3350 729 3368 ......
754 3309 810 3379 ten
843 3312 998 3380 ueretur,’'
1031 3308 1116 3368 cuius
1147 3309 1310 3367 hexametri

137 3399 289 3458 restitutio
323 3397 436 3456 incerta
471 3400 531 3467 est;
569 3401 674 3472 ’neque
709 3402 819 3456 sacra
854 3417 978 3457 emanue
1003 3402 1046 3458 u.'
1071 3391 1149 3456 Luc.
1174 3391 1311 3456 Mueller

137 3483 197 3545 inc.
224 3481 312 3563 112).
360 3485 416 3544 Sed
440 3505 509 3545 cum
532 3506 567 3544 ex
590 3505 625 3544 eo
648 3487 729 3562 quod
753 3487 822 3546 talis
836 3487 945 3563 positio
962 3507 1009 3563 ap.
1025 3485 1174 3544 Lucilium
1188 3505 1311 3562 perrara

138 3579 183 3636 est
217 3576 287 3635 satis
320 3579 463 3651 appareat
485 3575 591 3652 perdiu
620 3575 710 3634 fuisse
733 3594 801 3634 cum
824 3595 859 3635 ea
881 3595 935 3652 per
956 3574 1133 3652 positionem
1154 3574 1312 3651 productio

138 3667 175 3724 ab
210 3665 306 3723 Ennio
338 3664 440 3722 timide
475 3667 622 3740 temptata
657 3665 763 3724 necin
785 3666 897 3740 uulgus
920 3669 992 3723 nota
1015 3683 1068 3723 nec
1091 3667 1212 3740 accepta
1235 3666 1309 3733 erat,

137 3755 175 3813 ob
210 3755 286 3812 hanc
320 3773 382 3810 rem
413 3755 444 3811 et·
464 3757 623 3830 propterca
646 3754 727 3829 quod
751 3753 881 3830 aspirata
904 3753 1001 3812 estin
1025 3754 1079 3813 hoc
1102 3753 1192 3812 titulo
1215 3752 1240 3810 P
1262 3752 1310 3811 lit·

137 3847 213 3914 tera,
238 3862 307 3901 eum
331 3842 466 3902 existimo
490 3862 549 3902 non
573 3860 634 3900 esse
657 3842 754 3901 medio
777 3843 903 3918 septimo
926 3842 1044 3902 saeculo
1067 3841 1275 3917 antiquiorem.

245 3948 302 4019 Qui
335 3968 408 4009 uero
438 3949 469 4007 in
492 3950 547 4008 hae
571 3949 700 4008 editione
722 3967 802 4008 nunc
825 3948 961 4025 deinceps
983 3949 1062 4007 hunc
1084 3950 1252 4023 sequuntur
1274 3948 1310 4006 ti·

137 4039 197 4098 tuli
219 4039 306 4096 latini
329 4039 505 4116 alogiorum,
530 4038 551 4096 ii
574 4057 674 4098 omnes
697 4037 802 4114 scripti
824 4040 895 4097 sunt
918 4040 972 4096 aut
994 4040 1102 4097 octauo
1125 4038 1242 4096 saeculo
1258 4039 1311 4095 aut

137 4128 301 4205 posteriore
335 4131 421 4203 parte
448 4127 575 4203 septimi,
601 4131 691 4202 atque
713 4146 793 4186 unus
816 4128 930 4186 alterue
954 4145 1056 4186 eorum
1078 4129 1147 4202 post
1169 4128 1311 4185 octauum

137 4217 290 4276 saeculum
324 4217 452 4293 scriptus
488 4235 605 4275 carmen
641 4235 676 4274 cx
709 4216 875 4276 uetustiore
909 4217 1100 4276 monumento
1130 4215 1309 4290 exscriptum

136 4306 281 4366 continet.
