2910 4778
676 326 787 375 etoclh

458 620 532 694 orn
560 620 611 692 vr
643 621 782 736 iocos.
837 620 1000 694 trote.

410 833 451 906 P.
482 833 750 907 CRITONIVS·
772 834 817 906 P·
838 835 880 906 F·
902 834 1046 906 POLIO

400 966 524 1040 Mater
552 990 638 1040 mea
665 968 760 1039 mihi
786 968 1080 1040 monumentum

403 1095 561 1164 moerens
589 1093 770 1166 coercuit.
827 1093 923 1187 quae
952 1115 1013 1166 me

403 1218 593 1290 desiderat
620 1217 880 1291 uehementer.

400 1365 461 1414 me
488 1343 593 1415 helce
622 1344 738 1413 situm
767 1342 976 1415 inmature!

517 1448 656 1520 VALE·
679 1449 830 1521 SALVE

143 1717 215 1775 tulit
248 1717 446 1776 Bormannus
473 1747 513 1755 —
539 1716 590 1773 ”in
614 1717 813 1792 l'ragmento’',
838 1716 986 1791 inquiunt,
1014 1717 1126 1792 ”parui
1142 1717 1307 1793 sarcophagi

142 1806 300 1864 marmorei
334 1806 443 1864 litteris
478 1805 544 1863 aeui
575 1805 762 1874 recentioris;
786 1805 854 1864 hinc
876 1805 958 1863 illinc
980 1806 1127 1880 reliquiae
1152 1807 1306 1883 figurarum

142 1895 260 1970 pessimi
275 1895 404 1970 operis‘’.
449 1895 649 1953 Mommsenus
672 1895 743 1952 haec
767 1894 865 1952 addit:
893 1895 1074 1953 ”uetustatis
1099 1899 1155 1966 est,
1174 1897 1206 1954 ni
1221 1897 1305 1963 fallor,

143 1982 313 2055 affectatae3
337 1984 415 2042 unde
440 1985 527 2041 etiam
552 1983 758 2059 explicandum
782 1984 863 2058 quod
886 1983 1013 2058 scriptor
1029 1984 1105 2043 duas
1122 1985 1305 2060 antiquomm

142 2072 306 2130 carminum
328 2072 449 2130 lacinias
476 2072 564 2130 'heis
588 2075 677 2129 sunt
700 2072 772 2129 duo
796 2073 1016 2130 concordes’
1041 2077 1073 2130 et
1091 2073 1305 2132 ’famabona

141 2158 351 2237 exituq(ue)
375 2159 562 2232 honestto)
586 2161 712 2219 felirs’
736 2161 863 2236 protulit
885 2162 961 2218 male
978 2165 1155 2220 consutas'’.
1176 2194 1216 2201 -
1231 2181 1301 2230 uere,

141 2251 237 2319 credo,
276 2250 474 2308 Mommsnrns
513 2249 584 2308 dicit
620 2251 673 2308 hos
711 2268 815 2307 uersus
854 2268 915 2307 esse
951 2250 985 2307 de
1021 2250 1150 2327 antiquo
1187 2251 1304 2310 carmine

141 2344 284 2415 sumptos,
320 2340 370 2397 sed
476 2358 536 2396 uno
560 2339 688 2413 quidem,
713 2358 782 2396 nam
804 2338 847 2395 ita
871 2339 1029 2397 cohaerent
1051 2343 1089 2397 ut
1112 2341 1232 2399 consuti
1253 2358 1305 2398 esse

140 2447 199 2487 non
221 2429 389 2486 uideantur.
437 2428 516 2502 quod
540 2431 612 2485 utut
635 2430 689 2496 est,
714 2431 792 2486 ccrte
816 2431 901 2486 tanto
923 2432 1045 2503 stupore
1070 2429 1164 2486 enimi
1181 2447 1305 2488 essenon

140 2517 240 2592 potuit
273 2518 297 2576 is
326 2518 378 2592 qui
401 2518 479 2575 hunc
502 2517 625 2574 titulum
650 2517 839 2575 concinnauit
860 2519 896 2574 ut
919 2515 1076 2574 FELIXS·
1122 2518 1306 2594 singulariter

141 2606 198 2664 dici
231 2608 323 2664 uellet
358 2606 441 2669 duos,
476 2606 650 2681 praesertim
686 2625 753 2663 cum
780 2605 914 2680 proximo
936 2625 1027 2664 uersu
1051 2608 1173 2665 eosdem
1197 2608 1306 2665 dixisset

139 2695 296 2769 pluraliter
329 2693 570 2752 condocens.
618 2714 677 2769 qua
700 2713 731 2750 re
755 2701 790 2752 ut
814 2693 959 2752 HONES·
982 2714 1037 2770 pro
1061 2696 1227 2755 honesto
1250 2695 1305 2752 EX·

141 2782 271 2852 Slrvo·
300 2803 355 2858 pro
390 2784 596 2857 exsituque
631 2785 701 2840 item
737 2782 892 2841 FELIXS·
922 2787 967 2841 est
1002 2786 1214 2859 compendium
1237 2783 1306 2841 fabri

140 2872 222 2930 rudis
257 2873 486 2947 orthographiae
522 2877 551 2928 et
583 2871 613 2928 in
643 2872 801 2946 scriptione
825 2873 993 2930 titubantis.
1040 2872 1202 2932 FELIXS·
1225 2873 1305 2948 scrip-

140 2963 205 3017 tum
230 2964 275 3019 est
298 2962 381 3036 quasi
406 2959 544 3018 FELICS
567 2980 622 3036 pro
646 2959 819 3024 runicus,
844 2964 880 3018 ut
896 2960 998 3019 LVBS
1014 2981 1244 3038 nonnumquam
1259 2980 1306 3038 pro

140 3047 325 3122 tvenne.
362 3080 403 3088 Μ
439 3050 552 3108 Ultima
588 3049 708 3124 quidem
730 3050 823 3124 possis
846 3051 877 3107 in
900 3051 1070 3109 saturnium
1092 3071 1218 3110 uersum
1241 3051 1307 3109 redi·

140 3157 211 3212 gere
235 3158 291 3197 sic:

299 3228 397 3284 fama
419 3227 514 3285 bonet
539 3227 676 3285 felices
766 3227 972 3302 exsitdque
996 3228 1183 3300 hone'st03

139 3315 190 3372 scd
224 3315 297 3373 nihil
331 3316 447 3384 attinet,
483 3335 578 3390 neque
613 3316 688 3373 enim
723 3317 910 3390 exploratum
945 3319 990 3374 est
1011 3317 1147 3377 uoluisse
1173 3339 1242 3378 eum
1265 3317 1310 3395 qui

139 3403 252 3478 primus
279 3404 351 3462 haec
373 3404 465 3462 uerba
489 3408 584 3462 metro
608 3405 773 3480 composuit
796 3423 857 3463 esse
881 3405 1059 3463 saturnium.
1281 3411 1284 3416 '

248 3485 305 3552 15.
350 3493 397 3550 Ad
410 3493 544 3551 Romam.
570 3494 664 3569 ”lapis
677 3493 841 3552 tiburtinus
854 3494 961 3554 litteris
973 3495 1230 3568 uetustioribus”,
1242 3500 1310 3556 teste

140 3580 320 3650 Bormanno‚
357 3581 409 3656 qui
444 3582 608 3656 descripsit.
653 3583 746 3640 uerba
781 3582 809 3639 in
834 3583 931 3658 lapide
955 3601 1013 3641 non
1037 3584 1076 3641 ad
1099 3590 1244 3657 metrum,
1267 3585 1311 3644 sed

100 3724 102 3729 .
140 3670 178 3726 ad
212 3670 341 3745 spatium
365 3670 459 3728 diuisa
483 3674 561 3728 sunt.
608 3687 640 3727 tr.
667 3668 695 3728 1.
720 3667 810 3728 MIHt'
832 3671 917 3746 lapis,
943 3673 1023 3747 quod
1047 3692 1124 3732 caue
1148 3677 1309 3734 contrahas.

140 3776 321 3834 quamquam
357 3759 437 3833 quod
471 3760 506 3816 de
540 3760 595 3816 hec
629 3779 660 3816 re
694 3759 840 3835 praecipit
874 3761 1053 3819 Ritschelius
1088 3763 1121 3821 id
1158 3783 1219 3823 non
1241 3763 1311 3823 omni

141 3864 239 3904 carere
263 3848 431 3924 exceptione
455 3848 584 3923 Bergldo
607 3849 765 3906 adsentior.
802 3850 852 3908 sed
876 3848 940 3907 CIL
963 3850 978 3907 I
1001 3849 1099 3910 1297.
1120 3851 1162 3910 12
1181 3851 1311 3912 ”NIHIL

140 3936 229 3993 timeo
264 3955 317 3995 nec
352 3936 476 4006 confido,
500 3937 685 3995 moriendum
709 3937 790 3996 scio'’
815 3938 870 3996 etsi
893 3938 963 3996 licet
985 3939 1035 3996 uel
1058 3940 1102 3998 sic
1130 3937 1250 4000 ’nthtl
1270 3945 1311 4000 tl·

138 4028 226 4081 meo’
261 4026 310 4082 uel
345 4025 386 4083 sic
422 4026 489 4082 ’nil
519 4029 629 4094 timeo’,
655 4030 754 4083 tamen
778 4027 833 4085 hoc
857 4027 967 4085 malim.
992 4028 1030 4085 cf.
1057 4029 1096 4086 ad
1122 4032 1204 4108 elog.
1230 4034 1258 4090 5.
1283 4032 1309 4088 3.

144 4144 178 4152 —
206 4128 237 4170 u.
261 4110 292 4170 2.
315 4129 456 4171 mucrene
479 4115 616 4189 supplent
639 4114 752 4173 ineerta
776 4116 956 4174 coniectura.
1003 4116 1046 4174 sio
1068 4123 1217 4180 uetustus
1239 4139 1311 4180 sena·

138 4198 201 4258 rius
235 4201 316 4260 tituli
351 4202 553 4261 Cremonensis
589 4201 714 4260 CIL'V
747 4203 830 4262 4113
858 4208 1003 4262 ”mater
1025 4214 1312 4268 monumentum

140 4287 235 4346 fecit
269 4310 440 4349 maerens
474 4291 595 4349 filio'’.
636 4325 669 4333 -
708 4308 740 4349 n.
777 4288 807 4350 4.
832 4293 876 4351 IN
900 4293 1070 4352 MATVRE
1097 4291 1185 4376 lapis
1208 4299 1313 4358 induo
