<?xml version="1.0" encoding="UTF-8"?>
<!DOCTYPE html PUBLIC "-//W3C//DTD XHTML 1.0 Transitional//EN"
    "http://www.w3.org/TR/xhtml1/DTD/xhtml1-transitional.dtd">
<html xmlns="http://www.w3.org/1999/xhtml" xml:lang="en" lang="en">
 <head>
  <title>
</title>
<meta http-equiv="Content-Type" content="text/html;charset=utf-8" />
  <meta name='ocr-system' content='tesseract 3.04.00' />
  <meta name='ocr-capabilities' content='ocr_page ocr_carea ocr_par ocr_line ocrx_word'/>
</head>
<body>
  <div class='ocr_page' id='page_1' title='image "./versvsitalician00zandgoog_0238.png"; bbox 0 0 2910 4778; ppageno 0'>
   <div class='ocr_carea' id='block_1_1' title="bbox 587 387 1236 443">
    <p class='ocr_par' dir='ltr' id='par_1_1' title="bbox 587 387 1236 443">
     <span class='ocr_line' id='line_1_1' title="bbox 587 387 1236 443; baseline 0.003 -6"><span class='ocrx_word' id='word_1_1' title='bbox 587 387 658 437; x_wconf 72' lang='lat' dir='ltr'><strong>OAP.</strong></span> <span class='ocrx_word' id='word_1_2' title='bbox 677 388 721 437; x_wconf 84' lang='lat' dir='ltr'>XI.</span> <span class='ocrx_word' id='word_1_3' title='bbox 1129 391 1236 443; x_wconf 76' lang='lat' dir='ltr'>OGXXV</span> 
     </span>
    </p>
   </div>
   <div class='ocr_carea' id='block_1_2' title="bbox 34 557 1310 2956">
    <p class='ocr_par' dir='ltr' id='par_1_2' title="bbox 34 557 1310 2956">
     <span class='ocr_line' id='line_1_2' title="bbox 173 557 1237 647; baseline 0.004 -22"><span class='ocrx_word' id='word_1_4' title='bbox 173 557 254 625; x_wconf 87' lang='lat' dir='ltr'>Sunt</span> <span class='ocrx_word' id='word_1_5' title='bbox 276 559 399 625; x_wconf 87' lang='lat' dir='ltr'>scilicet</span> <span class='ocrx_word' id='word_1_6' title='bbox 421 580 504 643; x_wconf 86' lang='lat' dir='ltr'>quae</span> <span class='ocrx_word' id='word_1_7' title='bbox 527 581 611 625; x_wconf 92' lang='lat' dir='ltr'>nunc</span> <span class='ocrx_word' id='word_1_8' title='bbox 634 559 715 625; x_wconf 90' lang='lat' dir='ltr'>mihi</span> <span class='ocrx_word' id='word_1_9' title='bbox 738 559 832 626; x_wconf 90' lang='lat' dir='ltr'>aliter</span> <span class='ocrx_word' id='word_1_10' title='bbox 855 561 1025 627; x_wconf 89' lang='lat' dir='ltr'>uideantur</span> <span class='ocrx_word' id='word_1_11' title='bbox 1048 565 1144 647; x_wconf 88' lang='lat' dir='ltr'>atquo</span> <span class='ocrx_word' id='word_1_12' title='bbox 1162 567 1237 629; x_wconf 87' lang='lat' dir='ltr'>ante</span> 
     </span>
     <span class='ocr_line' id='line_1_3' title="bbox 62 674 1237 762; baseline 0.005 -23"><span class='ocrx_word' id='word_1_13' title='bbox 62 675 177 740; x_wconf 88' lang='lat' dir='ltr'>decem</span> <span class='ocrx_word' id='word_1_14' title='bbox 199 697 334 754; x_wconf 83' lang='lat' dir='ltr'>menses,</span> <span class='ocrx_word' id='word_1_15' title='bbox 358 696 430 739; x_wconf 90' lang='lat' dir='ltr'>cum</span> <span class='ocrx_word' id='word_1_16' title='bbox 453 674 507 739; x_wconf 91' lang='lat' dir='ltr'>hic</span> <span class='ocrx_word' id='word_1_17' title='bbox 530 675 612 740; x_wconf 85' lang='lat' dir='ltr'>liber</span> <span class='ocrx_word' id='word_1_18' title='bbox 634 676 831 760; x_wconf 86' lang='lat' dir='ltr'>perscriptus</span> <span class='ocrx_word' id='word_1_19' title='bbox 854 676 888 740; x_wconf 93' lang='lat' dir='ltr'>iu</span> <span class='ocrx_word' id='word_1_20' title='bbox 908 677 1054 743; x_wconf 89' lang='lat' dir='ltr'>manibus</span> <span class='ocrx_word' id='word_1_21' title='bbox 1069 700 1237 762; x_wconf 88' lang='lat' dir='ltr'>operarum</span> 
     </span>
     <span class='ocr_line' id='line_1_4' title="bbox 63 791 1237 878; baseline 0.002 -22"><span class='ocrx_word' id='word_1_22' title='bbox 63 813 135 856; x_wconf 88' lang='lat' dir='ltr'>esse</span> <span class='ocrx_word' id='word_1_23' title='bbox 170 791 285 874; x_wconf 85' lang='lat' dir='ltr'>coepit,</span> <span class='ocrx_word' id='word_1_24' title='bbox 320 791 376 855; x_wconf 89' lang='lat' dir='ltr'>sed</span> <span class='ocrx_word' id='word_1_25' title='bbox 410 791 492 857; x_wconf 88' lang='lat' dir='ltr'><strong>nihil</strong></span> <span class='ocrx_word' id='word_1_26' title='bbox 526 791 593 855; x_wconf 86' lang='lat' dir='ltr'>fere</span> <span class='ocrx_word' id='word_1_27' title='bbox 629 792 712 875; x_wconf 88' lang='lat' dir='ltr'>quod</span> <span class='ocrx_word' id='word_1_28' title='bbox 736 792 857 875; x_wconf 83' lang='lat' dir='ltr'>aliquid</span> <span class='ocrx_word' id='word_1_29' title='bbox 880 793 920 857; x_wconf 92' lang='lat' dir='ltr'>ad</span> <span class='ocrx_word' id='word_1_30' title='bbox 944 815 1012 859; x_wconf 89' lang='lat' dir='ltr'>rem</span> <span class='ocrx_word' id='word_1_31' title='bbox 1034 794 1196 878; x_wconf 74' lang='lat' dir='ltr'>pertineat</span> <span class='ocrx_word' id='word_1_32' title='bbox 1212 795 1237 878; x_wconf 91' lang='lat'>¹)</span> 
     </span>
     <span class='ocr_line' id='line_1_5' title="bbox 60 904 1237 994; baseline 0.004 -23"><span class='ocrx_word' id='word_1_33' title='bbox 60 907 128 972; x_wconf 89' lang='lat' dir='ltr'>nisi</span> <span class='ocrx_word' id='word_1_34' title='bbox 162 907 247 991; x_wconf 90' lang='lat' dir='ltr'>quod</span> <span class='ocrx_word' id='word_1_35' title='bbox 275 926 309 994; x_wconf 86' lang='lat' dir='ltr'>p.</span> <span class='ocrx_word' id='word_1_36' title='bbox 332 906 383 974; x_wconf 91' lang='lat'>44</span> <span class='ocrx_word' id='word_1_37' title='bbox 405 904 504 971; x_wconf 91' lang='lat' dir='ltr'>II:um</span> <span class='ocrx_word' id='word_1_38' title='bbox 532 929 661 972; x_wconf 89' lang='lat' dir='ltr'>uersum</span> <span class='ocrx_word' id='word_1_39' title='bbox 678 906 841 974; x_wconf 37' lang='lat' dir='ltr'>*Carminis</span> <span class='ocrx_word' id='word_1_40' title='bbox 865 909 905 973; x_wconf 83' lang='lat' dir='ltr'>ad</span> <span class='ocrx_word' id='word_1_41' title='bbox 928 931 999 973; x_wconf 88' lang='lat' dir='ltr'>ossa</span> <span class='ocrx_word' id='word_1_42' title='bbox 1021 909 1132 992; x_wconf 87' lang='lat' dir='ltr'>luxata</span> <span class='ocrx_word' id='word_1_43' title='bbox 1154 932 1237 976; x_wconf 90' lang='lat' dir='ltr'>nunc</span> 
     </span>
     <span class='ocr_line' id='line_1_6' title="bbox 34 1022 1237 1108; baseline 0.005 -23"><span class='ocrx_word' id='word_1_44' title='bbox 34 1044 37 1049; x_wconf 91' lang='lat'>·</span> <span class='ocrx_word' id='word_1_45' title='bbox 61 1023 115 1088; x_wconf 86' lang='lat' dir='ltr'>sic</span> <span class='ocrx_word' id='word_1_46' title='bbox 145 1023 220 1108; x_wconf 81' lang='lat' dir='ltr'>lego</span> <span class='ocrx_word' id='word_1_47' title='bbox 242 1023 515 1106; x_wconf 90' lang='lat' dir='ltr'>interpretorque:</span> <span class='ocrx_word' id='word_1_48' title='bbox 544 1022 692 1106; x_wconf 78' lang='lat' dir='ltr'>istalm)</span> <span class='ocrx_word' id='word_1_49' title='bbox 714 1023 892 1107; x_wconf 64' lang='lat' dir='ltr'>piatam)</span> <span class='ocrx_word' id='word_1_50' title='bbox 914 1023 1098 1108; x_wconf 63' lang='lat' dir='ltr'>sistam),</span> <span class='ocrx_word' id='word_1_51' title='bbox 1122 1031 1158 1090; x_wconf 87' lang='lat' dir='ltr'>nt</span> <span class='ocrx_word' id='word_1_52' title='bbox 1180 1026 1237 1091; x_wconf 86' lang='lat' dir='ltr'>si·</span> 
     </span>
     <span class='ocr_line' id='line_1_7' title="bbox 59 1138 1236 1224; baseline 0.005 -22"><span class='ocrx_word' id='word_1_53' title='bbox 59 1145 167 1203; x_wconf 83' lang='lat' dir='ltr'>stam</span> <span class='ocrx_word' id='word_1_54' title='bbox 203 1138 328 1203; x_wconf 87' lang='lat' dir='ltr'>dicatur</span> <span class='ocrx_word' id='word_1_55' title='bbox 362 1138 563 1205; x_wconf 89' lang='lat' dir='ltr'>intransitiue</span> <span class='ocrx_word' id='word_1_56' title='bbox 598 1139 702 1222; x_wconf 88' lang='lat' dir='ltr'>sitque</span> <span class='ocrx_word' id='word_1_57' title='bbox 731 1139 799 1203; x_wconf 83' lang='lat' dir='ltr'>fere</span> <span class='ocrx_word' id='word_1_58' title='bbox 822 1140 855 1204; x_wconf 94' lang='lat' dir='ltr'>id</span> <span class='ocrx_word' id='word_1_59' title='bbox 879 1141 963 1223; x_wconf 91' lang='lat' dir='ltr'>quod</span> <span class='ocrx_word' id='word_1_60' title='bbox 984 1141 1169 1224; x_wconf 74' lang='lat' dir='ltr'>reprimam.</span> <span class='ocrx_word' id='word_1_61' title='bbox 1195 1179 1236 1187; x_wconf 95' lang='lat'>—</span> 
     </span>
     <span class='ocr_line' id='line_1_8' title="bbox 59 1252 1237 1342; baseline 0.002 -21"><span class='ocrx_word' id='word_1_62' title='bbox 59 1252 102 1320; x_wconf 93' lang='grc' dir='ltr'>Ρ.</span> <span class='ocrx_word' id='word_1_63' title='bbox 126 1253 173 1321; x_wconf 89' lang='lat'>41</span> <span class='ocrx_word' id='word_1_64' title='bbox 199 1254 232 1317; x_wconf 92' lang='lat' dir='ltr'>in</span> <span class='ocrx_word' id='word_1_65' title='bbox 256 1253 328 1319; x_wconf 89' lang='lat' dir='ltr'>adn.</span> <span class='ocrx_word' id='word_1_66' title='bbox 354 1253 466 1318; x_wconf 88' lang='lat' dir='ltr'>critica</span> <span class='ocrx_word' id='word_1_67' title='bbox 498 1255 538 1319; x_wconf 83' lang='lat' dir='ltr'>ad</span> <span class='ocrx_word' id='word_1_68' title='bbox 562 1253 727 1337; x_wconf 82' lang='lat' dir='ltr'>Comprec.</span> <span class='ocrx_word' id='word_1_69' title='bbox 753 1255 805 1320; x_wconf 86' lang='grc'>10.</span> <span class='ocrx_word' id='word_1_70' title='bbox 830 1257 849 1318; x_wconf 85' lang='grc'>2</span> <span class='ocrx_word' id='word_1_71' title='bbox 875 1277 948 1320; x_wconf 90' lang='lat' dir='ltr'>cum</span> <span class='ocrx_word' id='word_1_72' title='bbox 971 1256 1082 1340; x_wconf 88' lang='lat' dir='ltr'>primis</span> <span class='ocrx_word' id='word_1_73' title='bbox 1105 1256 1237 1342; x_wconf 76' lang='lat' dir='ltr'><strong>syllabis</strong></span> 
     </span>
     <span class='ocr_line' id='line_1_9' title="bbox 61 1367 1238 1454; baseline 0.003 -21"><span class='ocrx_word' id='word_1_74' title='bbox 61 1369 151 1435; x_wconf 90' lang='lat' dir='ltr'>illius</span> <span class='ocrx_word' id='word_1_75' title='bbox 175 1367 375 1434; x_wconf 69' lang='lat' dir='ltr'>Stldciam</span> <span class='ocrx_word' id='word_1_76' title='bbox 399 1369 544 1434; x_wconf 86' lang='lat' dir='ltr'>conferre</span> <span class='ocrx_word' id='word_1_77' title='bbox 567 1370 664 1454; x_wconf 90' lang='lat' dir='ltr'>potui·</span> <span class='ocrx_word' id='word_1_78' title='bbox 680 1370 778 1435; x_wconf 87' lang='lat' dir='ltr'>etiam</span> <span class='ocrx_word' id='word_1_79' title='bbox 802 1371 955 1450; x_wconf 58' lang='lat' dir='ltr'>{liccem</span> <span class='ocrx_word' id='word_1_80' title='bbox 973 1371 1238 1437; x_wconf 71' lang='lat' dir='ltr'>nanialsicer</span> 
     </span>
     <span class='ocr_line' id='line_1_10' title="bbox 63 1484 1238 1571; baseline 0.005 -23"><span class='ocrx_word' id='word_1_81' title='bbox 63 1485 169 1549; x_wconf 90' lang='lat' dir='ltr'>dictus</span> <span class='ocrx_word' id='word_1_82' title='bbox 202 1485 245 1549; x_wconf 90' lang='lat' dir='ltr'>sit</span> <span class='ocrx_word' id='word_1_83' title='bbox 279 1508 320 1549; x_wconf 82' lang='lat' dir='ltr'>an</span> <span class='ocrx_word' id='word_1_84' title='bbox 351 1484 523 1550; x_wconf 72' lang='lat' dir='ltr'>Falacer</span> <span class='ocrx_word' id='word_1_85' title='bbox 556 1486 675 1552; x_wconf 84' lang='lat' dir='ltr'>nescio,</span> <span class='ocrx_word' id='word_1_86' title='bbox 707 1523 747 1531; x_wconf 89' lang='lat'>—</span> <span class='ocrx_word' id='word_1_87' title='bbox 772 1485 810 1553; x_wconf 98' lang='lat' dir='ltr'>P.</span> <span class='ocrx_word' id='word_1_88' title='bbox 836 1486 882 1554; x_wconf 83' lang='grc'>19</span> <span class='ocrx_word' id='word_1_89' title='bbox 905 1487 1036 1571; x_wconf 86' lang='lat' dir='ltr'>propius</span> <span class='ocrx_word' id='word_1_90' title='bbox 1060 1488 1100 1552; x_wconf 83' lang='lat' dir='ltr'>ad</span> <span class='ocrx_word' id='word_1_91' title='bbox 1124 1489 1238 1554; x_wconf 89' lang='lat' dir='ltr'>uerbo·</span> 
     </span>
     <span class='ocr_line' id='line_1_11' title="bbox 60 1601 1237 1688; baseline 0.003 -23"><span class='ocrx_word' id='word_1_92' title='bbox 60 1624 134 1666; x_wconf 90' lang='lat' dir='ltr'>rum</span> <span class='ocrx_word' id='word_1_93' title='bbox 170 1601 359 1665; x_wconf 89' lang='lat' dir='ltr'>traditorum</span> <span class='ocrx_word' id='word_1_94' title='bbox 393 1602 580 1666; x_wconf 80' lang='lat' dir='ltr'>memoriam</span> <span class='ocrx_word' id='word_1_95' title='bbox 611 1603 797 1668; x_wconf 85' lang='lat' dir='ltr'>accedemus</span> <span class='ocrx_word' id='word_1_96' title='bbox 821 1602 848 1667; x_wconf 92' lang='lat' dir='ltr'>si</span> <span class='ocrx_word' id='word_1_97' title='bbox 871 1602 1044 1688; x_wconf 78' lang='lat' dir='ltr'>legerimus</span> <span class='ocrx_word' id='word_1_98' title='bbox 1068 1603 1172 1671; x_wconf 79' lang='lat' dir='ltr'>Germ.</span> <span class='ocrx_word' id='word_1_99' title='bbox 1198 1604 1237 1669; x_wconf 85' lang='lat' dir='ltr'>de</span> 
     </span>
     <span class='ocr_line' id='line_1_12' title="bbox 58 1716 1237 1802; baseline 0.002 -20"><span class='ocrx_word' id='word_1_100' title='bbox 58 1717 206 1783; x_wconf 89' lang='lat' dir='ltr'>moribus</span> <span class='ocrx_word' id='word_1_101' title='bbox 230 1716 342 1783; x_wconf 79' lang='lat' dir='ltr'>Calon.</span> <span class='ocrx_word' id='word_1_102' title='bbox 367 1720 398 1783; x_wconf 89' lang='lat'>3.</span> <span class='ocrx_word' id='word_1_103' title='bbox 424 1719 460 1782; x_wconf 86' lang='lat' dir='ltr'>l:</span> <span class='ocrx_word' id='word_1_104' title='bbox 485 1717 573 1781; x_wconf 81' lang='lat' dir='ltr'>Nam</span> <span class='ocrx_word' id='word_1_105' title='bbox 595 1718 664 1781; x_wconf 78' lang='lat' dir='ltr'>ulta</span> <span class='ocrx_word' id='word_1_106' title='bbox 686 1718 826 1782; x_wconf 70' lang='lat' dir='ltr'>tumtun</span> <span class='ocrx_word' id='word_1_107' title='bbox 849 1719 893 1782; x_wconf 78' lang='lat' dir='ltr'>stc</span> <span class='ocrx_word' id='word_1_108' title='bbox 913 1718 981 1801; x_wconf 76' lang='lat' dir='ltr'>fere</span> <span class='ocrx_word' id='word_1_109' title='bbox 995 1720 1039 1784; x_wconf 70' lang='lat' dir='ltr'>eet</span> <span class='ocrx_word' id='word_1_110' title='bbox 1053 1721 1103 1783; x_wconf 71' lang='lat' dir='ltr'>nti</span> <span class='ocrx_word' id='word_1_111' title='bbox 1114 1719 1237 1802; x_wconf 72' lang='lat' dir='ltr'>sdrrum</span> 
     </span>
     <span class='ocr_line' id='line_1_13' title="bbox 58 1833 1235 1918; baseline 0.003 -21"><span class='ocrx_word' id='word_1_112' title='bbox 58 1854 123 1917; x_wconf 86' lang='lat' dir='ltr'>pro</span> <span class='ocrx_word' id='word_1_113' title='bbox 147 1855 184 1897; x_wconf 92' lang='lat' dir='ltr'>eo</span> <span class='ocrx_word' id='word_1_114' title='bbox 207 1833 291 1917; x_wconf 92' lang='lat' dir='ltr'>quod</span> <span class='ocrx_word' id='word_1_115' title='bbox 314 1833 444 1917; x_wconf 83' lang='lat' dir='ltr'>scripsi:</span> <span class='ocrx_word' id='word_1_116' title='bbox 476 1833 564 1897; x_wconf 86' lang='lat' dir='ltr'>Nam</span> <span class='ocrx_word' id='word_1_117' title='bbox 590 1834 660 1898; x_wconf 75' lang='lat' dir='ltr'>utta</span> <span class='ocrx_word' id='word_1_118' title='bbox 682 1834 788 1899; x_wconf 78' lang='lat' dir='ltr'>ndstra</span> <span class='ocrx_word' id='word_1_119' title='bbox 811 1835 857 1898; x_wconf 79' lang='lat' dir='ltr'>stc</span> <span class='ocrx_word' id='word_1_120' title='bbox 877 1833 945 1916; x_wconf 75' lang='lat' dir='ltr'>scre</span> <span class='ocrx_word' id='word_1_121' title='bbox 967 1835 1011 1899; x_wconf 81' lang='lat' dir='ltr'>e&#39;st</span> <span class='ocrx_word' id='word_1_122' title='bbox 1033 1836 1084 1898; x_wconf 69' lang='lat' dir='ltr'>uti</span> <span class='ocrx_word' id='word_1_123' title='bbox 1101 1835 1235 1918; x_wconf 64' lang='lat' dir='ltr'>ferrum.</span> 
     </span>
     <span class='ocr_line' id='line_1_14' title="bbox 62 1947 1238 2034; baseline 0.002 -19"><span class='ocrx_word' id='word_1_124' title='bbox 62 1986 107 1994; x_wconf 92' lang='grc'><strong>-</strong></span> <span class='ocrx_word' id='word_1_125' title='bbox 131 1947 169 2014; x_wconf 94' lang='grc' dir='ltr'>Ρ.</span> <span class='ocrx_word' id='word_1_126' title='bbox 193 1949 243 2015; x_wconf 81' lang='lat'>28</span> <span class='ocrx_word' id='word_1_127' title='bbox 266 1950 300 2013; x_wconf 91' lang='lat' dir='ltr'>in</span> <span class='ocrx_word' id='word_1_128' title='bbox 323 1949 362 2013; x_wconf 91' lang='lat' dir='ltr'>iis</span> <span class='ocrx_word' id='word_1_129' title='bbox 386 1970 467 2032; x_wconf 84' lang='lat' dir='ltr'>quae</span> <span class='ocrx_word' id='word_1_130' title='bbox 492 1949 643 2015; x_wconf 82' lang='lat' dir='ltr'>ednotaui</span> <span class='ocrx_word' id='word_1_131' title='bbox 665 1950 707 2014; x_wconf 84' lang='lat' dir='ltr'>ad</span> <span class='ocrx_word' id='word_1_132' title='bbox 729 1972 761 2016; x_wconf 91' lang='lat' dir='ltr'>u.</span> <span class='ocrx_word' id='word_1_133' title='bbox 787 1949 804 2014; x_wconf 82' lang='lat'>7</span> <span class='ocrx_word' id='word_1_134' title='bbox 829 1950 915 2034; x_wconf 84' lang='lat' dir='ltr'>pite</span> <span class='ocrx_word' id='word_1_135' title='bbox 939 1952 1179 2017; x_wconf 81' lang='lat' dir='ltr'>commemorari</span> <span class='ocrx_word' id='word_1_136' title='bbox 1197 1951 1238 2017; x_wconf 92' lang='lat' dir='ltr'>il·</span> 
     </span>
     <span class='ocr_line' id='line_1_15' title="bbox 57 2065 1303 2150; baseline 0.004 -22"><span class='ocrx_word' id='word_1_137' title='bbox 57 2065 120 2129; x_wconf 89' lang='lat' dir='ltr'>lud</span> <span class='ocrx_word' id='word_1_138' title='bbox 143 2065 240 2129; x_wconf 85' lang='lat' dir='ltr'>etiam</span> <span class='ocrx_word' id='word_1_139' title='bbox 263 2065 377 2149; x_wconf 87' lang='lat' dir='ltr'>potuit,</span> <span class='ocrx_word' id='word_1_140' title='bbox 402 2065 522 2129; x_wconf 89' lang='lat' dir='ltr'>dictum</span> <span class='ocrx_word' id='word_1_141' title='bbox 545 2087 613 2130; x_wconf 90' lang='lat' dir='ltr'>esse</span> <span class='ocrx_word' id='word_1_142' title='bbox 646 2066 890 2150; x_wconf 85' lang='lat' dir='ltr'>conr-pitum</span> <span class='ocrx_word' id='word_1_143' title='bbox 913 2071 1065 2132; x_wconf 86' lang='lat' dir='ltr'>nontam</span> <span class='ocrx_word' id='word_1_144' title='bbox 1088 2090 1108 2131; x_wconf 91' lang='lat' dir='ltr'>a</span> <span class='ocrx_word' id='word_1_145' title='bbox 1131 2089 1237 2133; x_wconf 83' lang='lat' dir='ltr'>com·</span> <span class='ocrx_word' id='word_1_146' title='bbox 1301 2144 1303 2149; x_wconf 68' lang='lat'>,</span> 
     </span>
     <span class='ocr_line' id='line_1_16' title="bbox 58 2179 1236 2267; baseline 0.003 -23"><span class='ocrx_word' id='word_1_147' title='bbox 58 2181 242 2264; x_wconf 83' lang='lat' dir='ltr'>petendo</span> <span class='ocrx_word' id='word_1_148' title='bbox 266 2202 361 2264; x_wconf 91' lang='lat' dir='ltr'>quam</span> <span class='ocrx_word' id='word_1_149' title='bbox 385 2204 404 2245; x_wconf 86' lang='lat' dir='ltr'>a</span> <span class='ocrx_word' id='word_1_150' title='bbox 426 2179 715 2265; x_wconf 65' lang='lat' dir='ltr'>*compilando</span> <span class='ocrx_word' id='word_1_151' title='bbox 741 2219 782 2227; x_wconf 94' lang='lat'>—</span> <span class='ocrx_word' id='word_1_152' title='bbox 806 2181 844 2248; x_wconf 86' lang='lat' dir='ltr'>P.</span> <span class='ocrx_word' id='word_1_153' title='bbox 861 2181 910 2248; x_wconf 75' lang='lat'>32</span> <span class='ocrx_word' id='word_1_154' title='bbox 928 2183 1054 2248; x_wconf 83' lang='lat' dir='ltr'>adnad</span> <span class='ocrx_word' id='word_1_155' title='bbox 1073 2183 1236 2267; x_wconf 80' lang='lat' dir='ltr'>(lomprec.</span> 
     </span>
     <span class='ocr_line' id='line_1_17' title="bbox 63 2294 1237 2382; baseline 0.006 -23"><span class='ocrx_word' id='word_1_156' title='bbox 63 2294 180 2360; x_wconf 65' lang='lat'>615</span> <span class='ocrx_word' id='word_1_157' title='bbox 215 2318 299 2361; x_wconf 91' lang='lat' dir='ltr'>nunc</span> <span class='ocrx_word' id='word_1_158' title='bbox 334 2297 415 2361; x_wconf 84' lang='lat' dir='ltr'>addo</span> <span class='ocrx_word' id='word_1_159' title='bbox 449 2301 574 2362; x_wconf 86' lang='lat' dir='ltr'>exstare</span> <span class='ocrx_word' id='word_1_160' title='bbox 609 2297 690 2363; x_wconf 91' lang='lat' dir='ltr'>illud</span> <span class='ocrx_word' id='word_1_161' title='bbox 724 2320 987 2382; x_wconf 86' lang='lat' dir='ltr'>neoumquam</span> <span class='ocrx_word' id='word_1_162' title='bbox 1009 2297 1115 2363; x_wconf 86' lang='lat' dir='ltr'>Plaut.</span> <span class='ocrx_word' id='word_1_163' title='bbox 1139 2298 1237 2366; x_wconf 92' lang='lat' dir='ltr'>Poen.</span> 
     </span>
     <span class='ocr_line' id='line_1_18' title="bbox 58 2412 1237 2498; baseline 0.003 -21"><span class='ocrx_word' id='word_1_164' title='bbox 58 2412 130 2477; x_wconf 84' lang='lat'>489</span> <span class='ocrx_word' id='word_1_165' title='bbox 166 2433 320 2477; x_wconf 88' lang='lat' dir='ltr'>consensu</span> <span class='ocrx_word' id='word_1_166' title='bbox 354 2413 508 2478; x_wconf 88' lang='lat' dir='ltr'>librorum</span> <span class='ocrx_word' id='word_1_167' title='bbox 544 2416 576 2477; x_wconf 91' lang='lat' dir='ltr'>et</span> <span class='ocrx_word' id='word_1_168' title='bbox 604 2412 700 2477; x_wconf 83' lang='lat' dir='ltr'>Truc.</span> <span class='ocrx_word' id='word_1_169' title='bbox 724 2415 786 2478; x_wconf 85' lang='lat'>231</span> <span class='ocrx_word' id='word_1_170' title='bbox 813 2413 941 2480; x_wconf 82' lang='lat' dir='ltr'><em>BODZ</em></span> <span class='ocrx_word' id='word_1_171' title='bbox 961 2414 1029 2494; x_wconf 82' lang='lat' dir='ltr'>(ubi</span> <span class='ocrx_word' id='word_1_172' title='bbox 1053 2436 1237 2498; x_wconf 88' lang='lat' dir='ltr'>neq.um·</span> 
     </span>
     <span class='ocr_line' id='line_1_19' title="bbox 57 2527 1235 2613; baseline 0.003 -21"><span class='ocrx_word' id='word_1_173' title='bbox 57 2549 180 2613; x_wconf 81' lang='lat' dir='ltr'>quam</span> <span class='ocrx_word' id='word_1_174' title='bbox 215 2527 270 2611; x_wconf 79' lang='lat' dir='ltr'>A),</span> <span class='ocrx_word' id='word_1_175' title='bbox 306 2529 390 2613; x_wconf 90' lang='lat' dir='ltr'>quod</span> <span class='ocrx_word' id='word_1_176' title='bbox 425 2529 685 2594; x_wconf 87' lang='lat' dir='ltr'>commemorauit</span> <span class='ocrx_word' id='word_1_177' title='bbox 714 2529 797 2594; x_wconf 90' lang='lat' dir='ltr'>Rud.</span> <span class='ocrx_word' id='word_1_178' title='bbox 823 2529 928 2609; x_wconf 84' lang='lat' dir='ltr'>Klotz,</span> <span class='ocrx_word' id='word_1_179' title='bbox 953 2530 1085 2595; x_wconf 75' lang='lat' dir='ltr'>’uttrdrn</span> <span class='ocrx_word' id='word_1_180' title='bbox 1110 2529 1235 2595; x_wconf 79' lang='lat' dir='ltr'>Met-ril&#39;</span> 
     </span>
     <span class='ocr_line' id='line_1_20' title="bbox 59 2643 1237 2728; baseline 0.004 -22"><span class='ocrx_word' id='word_1_181' title='bbox 59 2665 96 2727; x_wconf 85' lang='lat' dir='ltr'>p.</span> <span class='ocrx_word' id='word_1_182' title='bbox 123 2643 176 2708; x_wconf 76' lang='lat'>75.</span> <span class='ocrx_word' id='word_1_183' title='bbox 201 2680 242 2688; x_wconf 96' lang='lat'><em>-</em></span> <span class='ocrx_word' id='word_1_184' title='bbox 260 2643 304 2710; x_wconf 89' lang='grc' dir='ltr'>Ρ.</span> <span class='ocrx_word' id='word_1_185' title='bbox 330 2643 402 2711; x_wconf 87' lang='grc'>110</span> <span class='ocrx_word' id='word_1_186' title='bbox 425 2643 561 2712; x_wconf 83' lang='lat' dir='ltr'>Varron.</span> <span class='ocrx_word' id='word_1_187' title='bbox 585 2645 607 2709; x_wconf 92' lang='lat' dir='ltr'>l.</span> <span class='ocrx_word' id='word_1_188' title='bbox 631 2646 653 2710; x_wconf 95' lang='lat' dir='ltr'>l.</span> <span class='ocrx_word' id='word_1_189' title='bbox 678 2643 742 2709; x_wconf 82' lang='lat' dir='ltr'>VII</span> <span class='ocrx_word' id='word_1_190' title='bbox 766 2645 784 2728; x_wconf 61' lang='grc' dir='ltr'><strong>ἕ</strong></span> <span class='ocrx_word' id='word_1_191' title='bbox 808 2646 850 2710; x_wconf 83' lang='grc'>45</span> <span class='ocrx_word' id='word_1_192' title='bbox 874 2645 958 2711; x_wconf 81' lang='lat' dir='ltr'>malo</span> <span class='ocrx_word' id='word_1_193' title='bbox 981 2667 1063 2709; x_wconf 87' lang='lat' dir='ltr'>nunc</span> <span class='ocrx_word' id='word_1_194' title='bbox 1083 2645 1129 2710; x_wconf 90' lang='lat' dir='ltr'>sic</span> <span class='ocrx_word' id='word_1_195' title='bbox 1145 2667 1237 2711; x_wconf 87' lang='lat' dir='ltr'>scan-</span> 
     </span>
     <span class='ocr_line' id='line_1_21' title="bbox 61 2756 1310 2847; baseline 0.002 -24"><span class='ocrx_word' id='word_1_196' title='bbox 61 2759 158 2824; x_wconf 88' lang='lat' dir='ltr'>dere:</span> <span class='ocrx_word' id='word_1_197' title='bbox 194 2757 482 2843; x_wconf 76' lang='lat' dir='ltr'>Floralemque</span> <span class='ocrx_word' id='word_1_198' title='bbox 520 2756 734 2825; x_wconf 79' lang='lat' dir='ltr'>Falacrem</span> <span class='ocrx_word' id='word_1_199' title='bbox 765 2766 804 2826; x_wconf 86' lang='lat' dir='ltr'>ct</span> <span class='ocrx_word' id='word_1_200' title='bbox 832 2760 934 2826; x_wconf 76' lang='lat' dir='ltr'>Pom.</span> <span class='ocrx_word' id='word_1_201' title='bbox 958 2761 980 2825; x_wconf 90' lang='lat' dir='ltr'>f.</span> <span class='ocrx_word' id='word_1_202' title='bbox 1006 2760 1067 2839; x_wconf 75' lang='grc' dir='ltr'><strong>(ΡΙ.</strong></span> <span class='ocrx_word' id='word_1_203' title='bbox 1092 2762 1147 2847; x_wconf 86' lang='lat' dir='ltr'>qui</span> <span class='ocrx_word' id='word_1_204' title='bbox 1170 2763 1235 2827; x_wconf 85' lang='lat' dir='ltr'>cod.</span> <span class='ocrx_word' id='word_1_205' title='bbox 1307 2794 1310 2799; x_wconf 95' lang='lat'>·</span> 
     </span>
     <span class='ocr_line' id='line_1_22' title="bbox 62 2873 1237 2956; baseline 0.003 -17"><span class='ocrx_word' id='word_1_206' title='bbox 62 2873 132 2956; x_wconf 73' lang='lat' dir='ltr'>R).</span> <span class='ocrx_word' id='word_1_207' title='bbox 157 2911 205 2923; x_wconf 43' lang='lat' dir='ltr'>—m</span> <span class='ocrx_word' id='word_1_208' title='bbox 221 2873 259 2940; x_wconf 90' lang='lat' dir='ltr'>P.</span> <span class='ocrx_word' id='word_1_209' title='bbox 285 2874 367 2942; x_wconf 80' lang='lat'><strong>102.</strong></span> <span class='ocrx_word' id='word_1_210' title='bbox 390 2874 493 2942; x_wconf 87' lang='lat' dir='ltr'>Naeu.</span> <span class='ocrx_word' id='word_1_211' title='bbox 518 2877 571 2942; x_wconf 83' lang='lat'>16.</span> <span class='ocrx_word' id='word_1_212' title='bbox 596 2879 615 2940; x_wconf 86' lang='lat'>2</span> <span class='ocrx_word' id='word_1_213' title='bbox 640 2876 719 2943; x_wconf 92' lang='lat' dir='ltr'>illud</span> <span class='ocrx_word' id='word_1_214' title='bbox 743 2876 881 2942; x_wconf 82' lang='lat' dir='ltr'>&#39;’Deli&#39;&#39;</span> <span class='ocrx_word' id='word_1_215' title='bbox 905 2877 967 2940; x_wconf 86' lang='lat' dir='ltr'>iam</span> <span class='ocrx_word' id='word_1_216' title='bbox 993 2875 1237 2943; x_wconf 83' lang='lat' dir='ltr'>aFleckeiseno</span> 
     </span>
    </p>
   </div>
   <div class='ocr_carea' id='block_1_3' title="bbox 57 2990 450 3056">
    <p class='ocr_par' dir='ltr' id='par_1_3' title="bbox 57 2990 450 3056">
     <span class='ocr_line' id='line_1_23' title="bbox 57 2990 450 3056; baseline 0.005 -2"><span class='ocrx_word' id='word_1_217' title='bbox 57 2990 230 3055; x_wconf 89' lang='lat' dir='ltr'>inuentum</span> <span class='ocrx_word' id='word_1_218' title='bbox 255 3012 323 3054; x_wconf 89' lang='lat' dir='ltr'>esse</span> <span class='ocrx_word' id='word_1_219' title='bbox 347 2991 450 3056; x_wconf 92' lang='lat' dir='ltr'>uide0.</span> 
     </span>
    </p>
   </div>
   <div class='ocr_carea' id='block_1_4' title="bbox 171 3221 1234 3308">
    <p class='ocr_par' dir='ltr' id='par_1_4' title="bbox 171 3221 1234 3308">
     <span class='ocr_line' id='line_1_24' title="bbox 171 3221 1234 3308; baseline 0.002 -22"><span class='ocrx_word' id='word_1_220' title='bbox 171 3221 344 3286; x_wconf 82' lang='lat' dir='ltr'>Errores</span> <span class='ocrx_word' id='word_1_221' title='bbox 379 3222 624 3306; x_wconf 77' lang='lat' dir='ltr'>typothetae</span> <span class='ocrx_word' id='word_1_222' title='bbox 655 3224 771 3290; x_wconf 89' lang='lat' dir='ltr'>multos</span> <span class='ocrx_word' id='word_1_223' title='bbox 794 3245 845 3287; x_wconf 91' lang='lat' dir='ltr'>me</span> <span class='ocrx_word' id='word_1_224' title='bbox 867 3223 991 3308; x_wconf 81' lang='lat' dir='ltr'>fugisse</span> <span class='ocrx_word' id='word_1_225' title='bbox 1014 3223 1108 3289; x_wconf 90' lang='lat' dir='ltr'>ualde</span> <span class='ocrx_word' id='word_1_226' title='bbox 1128 3224 1234 3298; x_wconf 85' lang='lat' dir='ltr'>doleo.</span> 
     </span>
    </p>
   </div>
   <div class='ocr_carea' id='block_1_5' title="bbox 57 3336 1236 3635">
    <p class='ocr_par' dir='ltr' id='par_1_5' title="bbox 57 3336 1236 3635">
     <span class='ocr_line' id='line_1_25' title="bbox 57 3336 1236 3424; baseline 0.001 -22"><span class='ocrx_word' id='word_1_227' title='bbox 57 3359 104 3402; x_wconf 88' lang='lat' dir='ltr'>ex</span> <span class='ocrx_word' id='word_1_228' title='bbox 139 3337 178 3401; x_wconf 84' lang='lat' dir='ltr'>iis</span> <span class='ocrx_word' id='word_1_229' title='bbox 213 3337 420 3422; x_wconf 82' lang='lat' dir='ltr'>grauissimos</span> <span class='ocrx_word' id='word_1_230' title='bbox 456 3360 537 3403; x_wconf 89' lang='lat' dir='ltr'>nune</span> <span class='ocrx_word' id='word_1_231' title='bbox 575 3339 710 3424; x_wconf 83' lang='lat' dir='ltr'>corrigo.</span> <span class='ocrx_word' id='word_1_232' title='bbox 743 3375 783 3384; x_wconf 89' lang='lat'><em>-</em></span> <span class='ocrx_word' id='word_1_233' title='bbox 807 3336 853 3402; x_wconf 94' lang='lat' dir='ltr'>In</span> <span class='ocrx_word' id='word_1_234' title='bbox 875 3338 980 3404; x_wconf 89' lang='lat' dir='ltr'>locis</span> <span class='ocrx_word' id='word_1_235' title='bbox 1003 3361 1100 3424; x_wconf 93' lang='lat' dir='ltr'>quos</span> <span class='ocrx_word' id='word_1_236' title='bbox 1124 3339 1236 3410; x_wconf 88' lang='lat' dir='ltr'>edidi</span> 
     </span>
     <span class='ocr_line' id='line_1_26' title="bbox 57 3451 1235 3538; baseline 0.002 -21"><span class='ocrx_word' id='word_1_237' title='bbox 57 3452 137 3538; x_wconf 81' lang='lat' dir='ltr'>lege</span> <span class='ocrx_word' id='word_1_238' title='bbox 154 3475 190 3537; x_wconf 78' lang='lat' dir='ltr'>p.</span> <span class='ocrx_word' id='word_1_239' title='bbox 216 3453 302 3517; x_wconf 84' lang='grc'><strong>681.</strong></span> <span class='ocrx_word' id='word_1_240' title='bbox 330 3454 369 3517; x_wconf 88' lang='lat'>10</span> <span class='ocrx_word' id='word_1_241' title='bbox 393 3452 433 3517; x_wconf 82' lang='lat' dir='ltr'>C·</span> <span class='ocrx_word' id='word_1_242' title='bbox 456 3451 630 3521; x_wconf 80' lang='lat' dir='ltr'><strong>GAVIVS.</strong></span> <span class='ocrx_word' id='word_1_243' title='bbox 654 3490 695 3498; x_wconf 97' lang='lat'><em>-</em></span> <span class='ocrx_word' id='word_1_244' title='bbox 720 3452 765 3517; x_wconf 93' lang='lat' dir='ltr'>ln</span> <span class='ocrx_word' id='word_1_245' title='bbox 788 3454 1058 3519; x_wconf 88' lang='lat' dir='ltr'>adnotatione</span> <span class='ocrx_word' id='word_1_246' title='bbox 1083 3455 1235 3519; x_wconf 85' lang='lat' dir='ltr'>critica</span> 
     </span>
     <span class='ocr_line' id='line_1_27' title="bbox 58 3568 1234 3635; baseline 0.002 -3"><span class='ocrx_word' id='word_1_247' title='bbox 58 3568 144 3632; x_wconf 86' lang='lat' dir='ltr'>haec</span> <span class='ocrx_word' id='word_1_248' title='bbox 167 3568 214 3631; x_wconf 90' lang='lat' dir='ltr'>ita</span> <span class='ocrx_word' id='word_1_249' title='bbox 236 3572 310 3632; x_wconf 91' lang='lat' dir='ltr'>noto</span> <span class='ocrx_word' id='word_1_250' title='bbox 332 3572 369 3633; x_wconf 93' lang='lat' dir='ltr'>ut</span> <span class='ocrx_word' id='word_1_251' title='bbox 391 3590 536 3633; x_wconf 86' lang='lat' dir='ltr'>numeros</span> <span class='ocrx_word' id='word_1_252' title='bbox 560 3591 710 3635; x_wconf 88' lang='lat' dir='ltr'>uersuum</span> <span class='ocrx_word' id='word_1_253' title='bbox 733 3569 786 3634; x_wconf 87' lang='lat' dir='ltr'>uel</span> <span class='ocrx_word' id='word_1_254' title='bbox 810 3569 1008 3634; x_wconf 80' lang='lat' dir='ltr'>&#39;’linearum&#39;&#39;</span> <span class='ocrx_word' id='word_1_255' title='bbox 1033 3593 1096 3635; x_wconf 91' lang='lat' dir='ltr'>non</span> <span class='ocrx_word' id='word_1_256' title='bbox 1112 3571 1145 3634; x_wconf 91' lang='lat' dir='ltr'>in</span> <span class='ocrx_word' id='word_1_257' title='bbox 1161 3570 1234 3634; x_wconf 90' lang='lat' dir='ltr'>uni·</span> 
     </span>
    </p>
   </div>
   <div class='ocr_carea' id='block_1_6' title="bbox 58 3817 1236 4417">
    <p class='ocr_par' dir='ltr' id='par_1_6' title="bbox 58 3817 1236 4417">
     <span class='ocr_line' id='line_1_28' title="bbox 176 3817 1235 3902; baseline 0.004 -21"><span class='ocrx_word' id='word_1_258' title='bbox 176 3817 200 3894; x_wconf 86' lang='lat'>¹)</span> <span class='ocrx_word' id='word_1_259' title='bbox 223 3824 303 3881; x_wconf 91' lang='lat' dir='ltr'>Dum</span> <span class='ocrx_word' id='word_1_260' title='bbox 333 3823 363 3881; x_wconf 90' lang='lat' dir='ltr'>in</span> <span class='ocrx_word' id='word_1_261' title='bbox 386 3823 499 3883; x_wconf 87' lang='lat' dir='ltr'>ultimis</span> <span class='ocrx_word' id='word_1_262' title='bbox 522 3825 651 3901; x_wconf 83' lang='lat' dir='ltr'>plagulis</span> <span class='ocrx_word' id='word_1_263' title='bbox 676 3824 857 3902; x_wconf 80' lang='lat' dir='ltr'>corrigendis</span> <span class='ocrx_word' id='word_1_264' title='bbox 886 3844 990 3884; x_wconf 86' lang='lat' dir='ltr'>uersor</span> <span class='ocrx_word' id='word_1_265' title='bbox 1013 3825 1137 3883; x_wconf 85' lang='lat' dir='ltr'>affertur</span> <span class='ocrx_word' id='word_1_266' title='bbox 1164 3825 1235 3885; x_wconf 89' lang='lat' dir='ltr'>mihi</span> 
     </span>
     <span class='ocr_line' id='line_1_29' title="bbox 58 3908 1234 3990; baseline -0.001 -17"><span class='ocrx_word' id='word_1_267' title='bbox 58 3913 139 3973; x_wconf 87' lang='lat' dir='ltr'>liber</span> <span class='ocrx_word' id='word_1_268' title='bbox 161 3912 240 3971; x_wconf 87' lang='lat' dir='ltr'>Rud.</span> <span class='ocrx_word' id='word_1_269' title='bbox 264 3912 375 3971; x_wconf 86' lang='lat' dir='ltr'>Klotzii</span> <span class='ocrx_word' id='word_1_270' title='bbox 398 3914 492 3972; x_wconf 86' lang='lat' dir='ltr'>bonae</span> <span class='ocrx_word' id='word_1_271' title='bbox 516 3914 610 3990; x_wconf 81' lang='lat' dir='ltr'>frugis</span> <span class='ocrx_word' id='word_1_272' title='bbox 634 3914 748 3990; x_wconf 88' lang='lat' dir='ltr'>plenus,</span> <span class='ocrx_word' id='word_1_273' title='bbox 774 3913 826 3989; x_wconf 90' lang='lat' dir='ltr'>qui</span> <span class='ocrx_word' id='word_1_274' title='bbox 848 3912 1010 3989; x_wconf 89' lang='lat' dir='ltr'>inscriptus</span> <span class='ocrx_word' id='word_1_275' title='bbox 1026 3916 1072 3972; x_wconf 92' lang='lat' dir='ltr'>est</span> <span class='ocrx_word' id='word_1_276' title='bbox 1096 3908 1234 3972; x_wconf 80' lang='lat' dir='ltr'>&#39;Grund-</span> 
     </span>
     <span class='ocr_line' id='line_1_30' title="bbox 59 3995 1234 4080; baseline 0.001 -20"><span class='ocrx_word' id='word_1_277' title='bbox 59 4001 141 4080; x_wconf 75' lang='lat' dir='ltr'>zclqe</span> <span class='ocrx_word' id='word_1_278' title='bbox 163 3995 376 4059; x_wconf 74' lang='lat' dir='ltr'>altrdmisclcer</span> <span class='ocrx_word' id='word_1_279' title='bbox 392 3996 533 4062; x_wconf 80' lang='lat' dir='ltr'>Metrilc’.</span> <span class='ocrx_word' id='word_1_280' title='bbox 579 4002 610 4060; x_wconf 92' lang='lat' dir='ltr'>in</span> <span class='ocrx_word' id='word_1_281' title='bbox 626 4021 660 4061; x_wconf 88' lang='lat' dir='ltr'>eo</span> <span class='ocrx_word' id='word_1_282' title='bbox 676 4002 753 4061; x_wconf 90' lang='lat' dir='ltr'>libro</span> <span class='ocrx_word' id='word_1_283' title='bbox 770 4021 829 4061; x_wconf 91' lang='lat' dir='ltr'>non</span> <span class='ocrx_word' id='word_1_284' title='bbox 844 4002 905 4061; x_wconf 88' lang='lat' dir='ltr'>sine</span> <span class='ocrx_word' id='word_1_285' title='bbox 923 4002 1023 4078; x_wconf 85' lang='lat' dir='ltr'>aliqua</span> <span class='ocrx_word' id='word_1_286' title='bbox 1040 4001 1234 4061; x_wconf 80' lang='lat' dir='ltr'>delectatione</span> 
     </span>
     <span class='ocr_line' id='line_1_31' title="bbox 62 4089 1235 4166; baseline 0.001 -18"><span class='ocrx_word' id='word_1_287' title='bbox 62 4090 156 4149; x_wconf 88' lang='lat' dir='ltr'>animi</span> <span class='ocrx_word' id='word_1_288' title='bbox 188 4089 277 4149; x_wconf 89' lang='lat' dir='ltr'>uideo</span> <span class='ocrx_word' id='word_1_289' title='bbox 312 4090 414 4149; x_wconf 89' lang='lat' dir='ltr'>disseri</span> <span class='ocrx_word' id='word_1_290' title='bbox 448 4092 591 4150; x_wconf 88' lang='lat' dir='ltr'>nonnulla</span> <span class='ocrx_word' id='word_1_291' title='bbox 626 4110 702 4166; x_wconf 89' lang='lat' dir='ltr'>qnae</span> <span class='ocrx_word' id='word_1_292' title='bbox 736 4091 774 4150; x_wconf 87' lang='lat' dir='ltr'>ad</span> <span class='ocrx_word' id='word_1_293' title='bbox 808 4110 873 4149; x_wconf 89' lang='lat' dir='ltr'>mea</span> <span class='ocrx_word' id='word_1_294' title='bbox 897 4091 1098 4150; x_wconf 85' lang='lat' dir='ltr'>confirmanda</span> <span class='ocrx_word' id='word_1_295' title='bbox 1122 4090 1235 4166; x_wconf 89' lang='lat' dir='ltr'>aliquid</span> 
     </span>
     <span class='ocr_line' id='line_1_32' title="bbox 61 4178 1235 4256; baseline 0 -17"><span class='ocrx_word' id='word_1_296' title='bbox 61 4180 204 4249; x_wconf 85' lang='lat' dir='ltr'>ualeant;</span> <span class='ocrx_word' id='word_1_297' title='bbox 227 4179 279 4237; x_wconf 85' lang='lat' dir='ltr'>illa</span> <span class='ocrx_word' id='word_1_298' title='bbox 303 4183 403 4238; x_wconf 87' lang='lat' dir='ltr'>autem</span> <span class='ocrx_word' id='word_1_299' title='bbox 427 4200 503 4256; x_wconf 85' lang='lat' dir='ltr'>quae</span> <span class='ocrx_word' id='word_1_300' title='bbox 527 4180 562 4238; x_wconf 95' lang='lat' dir='ltr'>de</span> <span class='ocrx_word' id='word_1_301' title='bbox 586 4181 674 4238; x_wconf 86' lang='lat' dir='ltr'>rebus</span> <span class='ocrx_word' id='word_1_302' title='bbox 698 4181 876 4255; x_wconf 89' lang='lat' dir='ltr'>quibusdam</span> <span class='ocrx_word' id='word_1_303' title='bbox 899 4178 1027 4238; x_wconf 88' lang='lat' dir='ltr'>metricis</span> <span class='ocrx_word' id='word_1_304' title='bbox 1052 4182 1082 4237; x_wconf 88' lang='lat' dir='ltr'>et</span> <span class='ocrx_word' id='word_1_305' title='bbox 1104 4180 1235 4253; x_wconf 83' lang='lat' dir='ltr'>prosodi-</span> 
     </span>
     <span class='ocr_line' id='line_1_33' title="bbox 61 4267 1236 4344; baseline 0.001 -17"><span class='ocrx_word' id='word_1_306' title='bbox 61 4267 126 4328; x_wconf 84' lang='lat' dir='ltr'>acis</span> <span class='ocrx_word' id='word_1_307' title='bbox 160 4268 279 4327; x_wconf 87' lang='lat' dir='ltr'>Klotzio</span> <span class='ocrx_word' id='word_1_308' title='bbox 315 4269 401 4329; x_wconf 89' lang='lat' dir='ltr'>aliter</span> <span class='ocrx_word' id='word_1_309' title='bbox 436 4289 469 4327; x_wconf 87' lang='lat' dir='ltr'>ao</span> <span class='ocrx_word' id='word_1_310' title='bbox 504 4268 576 4328; x_wconf 89' lang='lat' dir='ltr'>mihi</span> <span class='ocrx_word' id='word_1_311' title='bbox 608 4269 750 4329; x_wconf 90' lang='lat' dir='ltr'>uidentur</span> <span class='ocrx_word' id='word_1_312' title='bbox 773 4288 831 4328; x_wconf 94' lang='lat' dir='ltr'>non</span> <span class='ocrx_word' id='word_1_313' title='bbox 855 4272 1020 4344; x_wconf 83' lang='lat' dir='ltr'>potuerunt</span> <span class='ocrx_word' id='word_1_314' title='bbox 1042 4288 1089 4326; x_wconf 89' lang='lat' dir='ltr'>me</span> <span class='ocrx_word' id='word_1_315' title='bbox 1112 4269 1149 4327; x_wconf 86' lang='lat' dir='ltr'>ab</span> <span class='ocrx_word' id='word_1_316' title='bbox 1173 4286 1236 4328; x_wconf 88' lang='lat' dir='ltr'>sen·</span> 
     </span>
     <span class='ocr_line' id='line_1_34' title="bbox 61 4356 445 4417; baseline 0 -1"><span class='ocrx_word' id='word_1_317' title='bbox 61 4356 167 4417; x_wconf 75' lang='lat' dir='ltr'>tentiis</span> <span class='ocrx_word' id='word_1_318' title='bbox 194 4356 266 4416; x_wconf 85' lang='lat' dir='ltr'>meis</span> <span class='ocrx_word' id='word_1_319' title='bbox 290 4357 445 4416; x_wconf 84' lang='lat' dir='ltr'>abducere.</span> 
     </span>
    </p>
   </div>
   <div class='ocr_carea' id='block_1_7' title="bbox 1083 4482 1127 4529">
    <p class='ocr_par' dir='ltr' id='par_1_7' title="bbox 1083 4482 1127 4529">
     <span class='ocr_line' id='line_1_35' title="bbox 1083 4482 1127 4529; baseline 0.023 -1"><span class='ocrx_word' id='word_1_320' title='bbox 1083 4482 1127 4529; x_wconf 79' lang='lat' dir='ltr'>XV</span> 
     </span>
    </p>
   </div>
   <div class='ocr_carea' id='block_1_8' title="bbox 0 0 1460 4778">
    <p class='ocr_par' dir='ltr' id='par_1_8' title="bbox 0 0 1460 4778">
     <span class='ocr_line' id='line_1_36' title="bbox 0 0 1460 4778; baseline 0 0"><span class='ocrx_word' id='word_1_321' title='bbox 0 0 1460 4778; x_wconf 95' lang='lat' dir='ltr'> </span> 
     </span>
    </p>
   </div>
  </div>
 </body>
</html>
