2910 4778
550 327 620 376 OAP.
640 326 683 372 VI.
703 319 718 384 ξ
739 328 783 374 6..
1126 327 1244 374 LXXVII

65 497 163 583 Elog.
199 498 229 561 4.
266 500 284 561 2
316 498 445 563 honos
469 499 502 561 in
527 500 673 562 anacrusi
698 520 765 562 esse
790 521 847 580 pro
870 498 1065 582 pyrrhichio,
1089 500 1172 582 quod
1197 503 1244 562 est

66 631 297 710 duriusculum,
333 636 366 695 et
400 627 492 717 Elog.
529 635 558 696 5.
597 635 616 696 3
642 638 696 696 aut
720 589 859 715 qubTei
882 633 1152 716 pronuntiandum
1176 655 1244 696 esse

70 769 133 830 per
157 748 416 827 contractionem,
440 751 476 812 ut
499 749 541 811 sit
564 748 828 831 monosyllabum,
845 752 900 812 aut
916 749 1012 831 qudi
1028 770 1086 831 per
1105 749 1246 813 iambum

69 865 266 946 correptum,
290 867 326 927 ut
348 884 411 927 uox
442 887 460 926 a
483 864 654 948 scriptione
670 864 815 927 nonnihil
831 865 982 928 discedat.
1014 886 1096 948 quae
1113 886 1184 928 cum
1200 865 1246 928 ita

69 979 148 1058 sint,
173 979 314 1062 optabile
339 983 387 1043 est
411 979 554 1062 profecto
577 983 613 1042 ut
636 980 670 1043 in
694 979 743 1043 his
767 981 912 1044 uersibus
936 980 1031 1065 Elog.
1056 983 1087 1044 4.
1113 982 1132 1043 2
1158 983 1189 1043 et
1213 982 1243 1044 5.
1310 1015 1312 1020 ·

71 1098 92 1159 3
117 1093 163 1157 sic
187 1094 392 1178 pronuntiare
418 1095 525 1158 fama
549 1095 633 1159 uita
656 1096 747 1160 nobis
772 1096 878 1159 liceat.
925 1097 1008 1179 quod
1031 1096 1128 1159 liceat
1143 1117 1243 1160 necne

65 1231 153 1274 nunc
177 1232 377 1294 quaeremus.

178 1325 287 1389 Etiam
311 1330 359 1389 est
383 1325 462 1388 mihi
485 1326 646 1390 reddenda
669 1327 751 1391 ratio
782 1349 838 1390 cur
861 1327 955 1410 Elog.
980 1328 1011 1390 4.
1037 1329 1056 1390 2
1083 1324 1086 1412 l
1112 1327 1244 1391 omnia

66 1441 181 1506 bre'uia
206 1477 246 1485 —
271 1464 464 1526 quamquam
488 1441 547 1506 hoc
572 1443 719 1527 equidem
743 1465 806 1507 non
830 1443 897 1507 sine
920 1443 1029 1526 aliqua
1047 1443 1243 1507 dubitatione

68 1593 111 1602 —-
136 1557 181 1620 ita
204 1559 356 1622 scandere
388 1580 482 1621 ausus
510 1559 569 1621 sim
595 1561 631 1621 ut
654 1558 800 1622 ultimam
824 1559 910 1622 illius
934 1559 1066 1622 omnia
1089 1559 1244 1641 produce·

66 1695 148 1751 rem,
183 1673 239 1736 illa
274 1677 379 1737 autem
404 1696 468 1737 non
492 1674 595 1737 minus
620 1674 823 1758 frequentata
847 1698 866 1737 a
889 1675 1107 1759 grammaticis
1132 1697 1243 1738 recen-

64 1788 204 1853 tioribus
227 1787 374 1867 Terra,
406 1789 529 1868 fama',
555 1790 642 1852 uitri
666 1811 727 1852 non
752 1790 985 1872 usurpauerirn.

177 1902 278 1967 Simul
312 1904 414 1989 igitur
448 1905 482 1967 in
513 1904 760 1987 disputationem
784 1906 915 1969 ueniant
938 1906 1154 1969 nominatiuus
1178 1907 1243 1968 sin-

67 2019 191 2104 gularis
226 2019 448 2083 declinationis
483 2020 605 2103 primae
643 2024 674 2084 et
697 2013 910 2084 nominatiuus
935 2021 1068 2104 pluralis
1093 2024 1126 2084 et
1149 2043 1243 2085 accu-

65 2135 191 2198 satiuus
226 2135 361 2217 pluralis
396 2138 591 2200 neutrorum.
639 2140 753 2200 neutra
788 2136 874 2200 enim
909 2159 981 2200 cum
1012 2137 1188 2221 antiquitus
1213 2138 1243 2200 A

68 2255 248 2314 extremum
271 2251 495 2334 produxissent
518 2274 582 2315 non
605 2253 698 2315 modo
722 2253 860 2316 secunda
884 2253 939 2316 sed
961 2253 1059 2317 etiam
1075 2253 1170 2317 tertia
1189 2254 1243 2316 de-

68 2366 254 2444 clinatione,
289 2367 372 2450 quod
406 2368 439 2430 in
473 2367 569 2430 tertia
599 2367 700 2430 latina
735 2368 883 2452 analogia
906 2368 1027 2432 factum
1052 2373 1109 2446 est,
1132 2372 1244 2452 postea

67 2482 183 2545 iisdem
206 2481 359 2566 gradibus
384 2486 480 2566 atque
504 2482 663 2547 aetatibus
691 2483 806 2566 quibus
830 2484 984 2547 feminina
1008 2483 1038 2547 A
1061 2484 1140 2548 illud
1163 2507 1249 2567 pau*⁴

67 2597 162 2660 latim
186 2597 407 2680 corripuerunt
436 2597 459 2679 ).
1220 2685 1222 2688 y

176 2711 255 2776 Eius
290 2712 335 2775 rei
371 2711 424 2775 hic
459 2713 521 2776 fuit
544 2734 653 2777 cursus
678 2714 836 2778 aetatibus
861 2714 1038 2778 distinctus
1086 2716 1242 2798 primoA

66 2828 199 2912 longum
236 2828 298 2891 fuit
332 2829 365 2891 in
401 2829 558 2907 omnibus,
583 2829 696 2893 deinde
720 2829 754 2892 in
778 2830 816 2892 iis
841 2831 941 2894 solum
965 2831 1129 2895 uocabulis
1153 2831 1244 2915 poly-

66 2943 204 3027 syllabis
229 2943 262 3007 in
285 2944 400 3026 quibus
424 2944 454 3008 A
478 2944 625 3007 ultimum
649 2946 839 3028 productum
862 2969 934 3010 cum
950 2946 1104 3029 proximis
1121 2948 1243 3011 duabus

65 3058 202 3144 syllabis
220 3060 373 3123 creticum
390 3059 549 3124 efficiebat
565 3063 620 3123 aut
637 3065 854 3143 anapaestum,
873 3065 1033 3145 postremo
1049 3061 1080 3125 A
1096 3063 1243 3126 ultimum

65 3174 174 3240 omnia
198 3178 231 3237 et
255 3175 411 3239 feminina
434 3179 467 3239 et
490 3178 604 3239 neutra
628 3177 859 3259 corripuerunt.

177 3289 321 3355 Primum
354 3292 456 3376 igitur
480 3292 621 3355 omnium
645 3297 792 3375 correpta
816 3298 889 3356 sunt
912 3294 1068 3358 uocabula
1091 3294 1239 3374 iambica,

65 3409 104 3469 ut
133 3410 218 3469 mea
261 3424 283 3488 7
323 3408 424 3486 med,
472 3409 540 3470 era
580 3426 602 3489 7
646 3409 729 3486 eri,
761 3407 820 3472 hoc
844 3409 966 3473 scilicet
989 3410 1109 3473 factum
1133 3411 1166 3474 ui
1190 3433 1243 3474 ac·

180 3592 205 3674 ¹)
228 3598 272 3657 De
306 3599 335 3657 A
369 3601 501 3658 feminini
523 3600 639 3677 generis
662 3601 693 3658 in
716 3601 825 3677 linguis
848 3600 1073 3678 indoeuropaeis
1096 3603 1243 3678 producto

65 3688 238 3763 nuperrime
262 3689 416 3766 Brngman
442 3689 573 3748 Gramm.
598 3689 629 3748 ΙΙ
652 3690 687 3749 L.
715 3690 798 3749 1889
823 3691 856 3760 ἐξ
881 3693 922 3749 59
947 3695 977 3749 et
1002 3693 1058 3750 60:
1077 3693 1112 3750 de
1129 3692 1157 3749 A
1172 3712 1242 3752 neu·

63 3777 109 3836 tri
132 3777 247 3853 generis
270 3777 374 3852 Henry
396 3772 563 3857 anuisses
585 3774 850 3858 morpbolopiqaes
872 3780 915 3837 IV
939 3781 1036 3840 Douai
1063 3781 1158 3839 1887.
1197 3782 1242 3840 lo·

65 3884 158 3924 annes
182 3864 316 3924 Schmidt
338 3868 415 3926 libro
440 3887 529 3942 quem
553 3868 641 3927 inser.
667 3864 728 3926 ’die
752 3852 1037 3947 Pluralbilcluapen
1059 3864 1114 3926 der
1137 3866 1239 3949 indop.
1307 3866 1309 3870 ⁴

65 3948 203 4012 Neutra'
227 3954 376 4014 Vimariae
402 3954 486 4013 1889
511 3957 597 4016 docet
620 3958 787 4033 antiquitus
810 3962 917 4017 neutra
939 3959 1095 4034 pluraliter
1118 3959 1175 4017 dici
1199 3978 1242 4018 so·

64 4043 122 4102 lita
157 4061 218 4101 esse
253 4043 339 4118 quasi
372 4045 528 4104 collectiua
562 4047 681 4105 nomina
714 4047 848 4106 feminini
870 4048 995 4123 generis,
1020 4067 1112 4122 quare
1135 4053 1242 4106 neutra

64 4132 227 4209 pluraliter
261 4132 340 4191 dicta
374 4135 477 4192 eadem
501 4135 591 4193 ducta
615 4154 676 4194 esse
700 4136 812 4212 origine
837 4140 927 4211 atque
950 4136 1091 4194 feminina
1114 4137 1242 4212 singula·

64 4221 152 4279 riter.
188 4251 229 4263 -
264 4221 292 4279 A
327 4226 426 4281 autem
450 4222 525 4282 illud
548 4224 724 4283 nominatiui
748 4226 876 4284 secunda
901 4225 1083 4284 dedicatione
1106 4226 1240 4300 produci,

65 4329 138 4367 nam
162 4312 350 4369 contractum
374 4330 436 4370 esse
459 4331 494 4370 ex
518 4307 625 4388 O-l-A.
