2910 4778
215 284 366 331 cumn!
696 286 862 332 Exeruere
882 286 915 331 ΙΙ.

216 480 300 521 nium
323 460 360 520 tii
382 457 441 520 tibi
497 456 559 519 Pro
581 456 685 520 mall
709 458 775 519 uita
799 458 916 520 frimam
942 459 1083 533 extolles,
1109 461 1166 541 pro
1190 460 1296 524 boni
1316 482 1387 543 par·

215 577 281 636 tum
316 574 473 655 gloriam'
512 573 712 636 Rubellius.-
760 578 792 636 et
826 596 884 656 pro
923 576 1004 639 bona
1048 580 1194 658 paratam
1229 577 1384 640 Isidorus¹

217 690 339 753 Ennius
374 691 408 752 in
443 689 569 752 Achille
604 688 704 753 Arist.
729 694 809 752 teste
837 690 913 771 prol.
937 689 1071 754 'Poenuli
1095 694 1270 777 3=trag.
1297 692 1389 757 1512

216 806 359 869 ”Audire
383 807 496 870 iubet
520 827 574 868 uos
599 808 794 888 imperator''
819 841 861 850 -
886 843 938 870 —-.
963 807 1085 871 Ennius
1109 808 1142 870 in
1166 807 1385 873 Alcumaeone

216 945 266 1004 up.
301 921 366 985 Cic.
399 922 436 984 de
461 945 505 985 or.
530 919 579 985 ΙΙΙ
603 922 621 1002 {⁸
646 924 862 1005 218=crag.
887 925 928 986 20
953 924 983 986 u
1007 923 1139 987 ”Multis
1162 947 1233 987 sum
1258 924 1388 988 modis

216 1041 461 1112 circunmentuS,
497 1040 605 1102 morbo
640 1039 733 1102 exilio
769 1042 864 1121 atque
887 1040 1027 1122 inopia''.
1076 1040 1285 1103 'multimodis
1310 1043 1387 1104 sum'

219 1153 364 1233 Bellicus,
401 1154 455 1216 sed
479 1175 541 1217 non
565 1177 642 1236 opus
667 1158 715 1217 est
738 1156 836 1218 uerba
860 1156 986 1218 mutari.
1034 1153 1122 1219 Idem
1145 1157 1179 1218 in
1203 1155 1388 1221 Alexandro

217 1294 267 1352 ip.
293 1270 357 1333 eie.
383 1271 421 1332 ue
446 1271 509 1334 iu.
534 1268 549 1332 r
574 1270 591 1351 g
617 1272 810 1355 uo=trag.
834 1273 876 1334 rs
901 1251 1096 1334 arliae
1112 1273 1202 1334 aueo
1218 1271 1275 1334 fax
1292 1274 1388 1337 obuo-

216 1385 285 1448 luta
319 1387 474 1470 sanguiue
499 1391 593 1470 atquo
618 1387 797 1449 incendio'.
846 1384 934 1450 Idem
957 1388 990 1450 in
1014 1387 1242 1451 Andromacha
1266 1387 1387 1451 aechm.

217 1524 268 1583 ap.
293 1501 357 1565 Cic.
382 1501 474 1565 Tusc.
499 1500 548 1565 Ill
573 1502 590 1583 ς
615 1504 713 1564 44:
728 1504 768 1565 78
792 1502 823 1565 R
847 1501 927 1566 ”em
951 1525 1009 1566 nec
1034 1526 1107 1566 arae
1132 1503 1257 1585 patriae
1282 1504 1388 1568 domi

216 1618 456 1696 stant-fractae
482 1640 518 1681 uc
543 1619 693 1682 disiectae
717 1619 854 1682 iacent'.
902 1616 992 1682 Idem
1015 1620 1048 1682 in
1073 1619 1206 1683 Hecuba
1231 1643 1282 1702 ap.
1306 1617 1388 1684 Non.

216 1735 291 1798 342.
316 1737 492 1798 31:115
517 1735 546 1796 R
571 1733 679 1809 '’Qua'e
703 1735 762 1799 tibi
786 1736 828 1797 iu
852 1735 1005 1798 concubio
1022 1737 1200 1798 uerecunde
1216 1741 1250 1799 et
1265 1736 1388 1800 modice

218 1856 339 1914 morem
363 1849 480 1932 gerit”.
527 1849 577 1925 (ti
601 1849 642 1914 in'
668 1849 746 1913 Luc.
770 1851 975 1927 Muellerus).
1023 1848 1111 1914 Idem
1135 1874 1186 1933 ap.
1204 1851 1270 1915 (lic.
1290 1852 1389 1917 deor.

217 1963 232 2027 l
269 1967 286 2048 ξ
325 1968 538 2050 l99=trag.
575 1968 639 2029 352
670 1968 700 2030 u
730 1938 808 2029 ”dx
831 1967 1009 2029 incertis
1037 1970 1139 2029 certos
1163 1969 1390 2050 compotesque

217 2081 360 2145 consili’.
406 2083 490 2165 quod
526 2083 634 2145 durius
663 2087 721 2146 est.
767 2083 822 2145 sed
846 2083 929 2164 quod
953 2083 1088 2145 coniecit
1111 2082 1189 2146 Luc.
1213 2082 1390 2146 Muellerus

220 2198 243 2260 F
267 2199 332 2261 405
359 2196 419 2260 ”ex
442 2196 573 2261 niestis'’
600 2235 640 2242 —-
665 2199 804 2280 oportuit
829 2199 979 2261 'maestis'
1008 2236 1056 2269 ·-,
1082 2198 1113 2261 id
1138 2197 1389 2262 concinnitatem

217 2314 344 2396 uimque
370 2313 518 2376 antitheti
542 2314 635 2377 tollit.
682 2311 771 2377 Idem
796 2337 846 2396 ap.
872 2313 935 2377 Cic.
962 2315 1000 2376 de
1024 2336 1090 2395 rep.
1116 2311 1131 2376 1
1156 2313 1388 2398 §30:12rag.

218 2431 279 2491 201
317 2429 347 2491 R
376 2427 487 2503 ’'Quod
511 2431 571 2492 est
595 2434 668 2493 aute
692 2430 814 2512 pedes
838 2452 930 2492 nemo
955 2432 1079 2511 spectat
1103 2428 1184 2491 caeli
1206 2434 1392 2493 scrutantur

217 2546 330 2628 plagas
354 2545 467 2624 (Qum
490 2568 548 2627 pro
572 2546 730 2628 pedibust'
756 2545 834 2608 Luc.
859 2545 1029 2607 Muellerus
1053 2545 1123 2608 coll.
1141 2544 1260 2608 Minue.
1279 2548 1331 2608 12.
1347 2545 1391 2627 7).

217 2776 311 2840 Mede
348 2776 473 2840 Colchis
508 2777 623 2852 (cordis
654 2775 754 2857 codd.)
779 2777 894 2858 cupido
919 2778 1011 2840 corde
1036 2777 1150 2858 pedem
1174 2777 1391 2841 extulisses&

218 2892 450 2955 Buechelcrum
485 2897 648 2955 auctorem
682 2896 809 2955 secutus
843 2892 921 2955 Luc.
956 2891 1130 2955 Muellerus
1167 2893 1392 2956 ‘extetulisses'

217 3031 276 3092 pro
300 3031 337 3071 eo
361 3009 444 3091 quod
467 3008 620 3071 traditum
645 3011 692 3070 cst
715 3009 857 3071 scribens
874 3014 1062 3089 anapaestos
1079 3008 1252 3070 dimetitur.
1302 3006 1393 3072 Idem

218 3147 268 3206 ap.
305 3124 370 3188 Cic.
405 3103 498 3188 Tusc.
534 3121 567 3186 II
603 3125 778 3188 38:315
812 3124 843 3186 R
878 3122 978 3185 ”Peto
1014 3124 1250 3206 prinsquam
1275 3126 1394 3207 oppetd

217 3240 360 3303 malim
384 3246 505 3322 pestem
530 3241 713 3302 mandatam
736 3239 848 3302 hostili
870 3241 997 3301 manu'.
1047 3240 1151 3301 datam
1176 3238 1208 3300 h.
1231 3261 1272 3300 m.
1292 3238 1394 3302 Bent-

218 3357 305 3419 leius,
350 3354 440 3418 Idem
463 3377 514 3437 ap.
539 3353 629 3418 Seru.
654 3355 734 3417 Aen.
760 3352 785 3416 I.
811 3357 843 3418 l.
858 3383 899 3406 =
914 3355 974 3418 391
999 3355 1029 3416 u
1046 3354 1178 3416 ‘'indiita
1194 3354 1280 3416 futu
1296 3376 1393 3418 saeua

218 3471 330 3535 stola‘.
376 3469 475 3546 Idem,
500 3471 529 3533 si
551 3470 643 3534 libris
668 3471 836 3548 credimuS,
862 3493 912 3552 ap.
937 3469 1031 3533 Varr.
1056 3470 1077 3532 l.
1096 3471 1116 3532 l.
1134 3467 1392 3534 V1193=402

217 3587 248 3650 R
282 3587 354 3650 ''Eu
389 3589 460 3648 mea
494 3586 601 3668 puella
626 3608 641 3648 c
667 3587 722 3668 spe
747 3586 875 3668 quidem
899 3586 941 3648 id
965 3589 1117 3648 successit
1140 3585 1234 3648 tibi''.
1281 3586 1392 3652 cedd.

217 3702 314 3767 Ribb.
338 3703 393 3766 sed
417 3702 525 3779 nescio
549 3724 590 3764 an
613 3702 681 3764 iure
707 3702 783 3765 Luc.
809 3701 982 3764 Muellerus
1006 3701 1027 3763 l.
1047 3701 1085 3763 de
1103 3699 1139 3773 Q.
1157 3700 1261 3763 Ennio
1278 3724 1310 3783 p.
1327 3701 1391 3765 238

217 3819 250 3881 id
285 3840 303 3881 e
338 3818 499 3882 comoedia
533 3815 701 3881 Naeuiana
733 3822 895 3900 sumptum
919 3839 985 3879 esse
1011 3817 1140 3880 iudicat.
1189 3815 1392 3879 Pacuuius

102 3994 107 4005 ,
218 3955 290 3998 cum
325 3934 481 3997 auunculo
509 3933 569 3996 hac
594 3934 684 3997 inre
709 3934 868 3997 conuenit.
915 3934 983 3995 cius
1008 3932 1089 3994 enim
1116 3934 1163 3993 est
1187 3955 1238 4011 ap,
1263 3930 1329 3994 Cic.
1355 3932 1392 3994 de

219 4049 283 4113 diu.
318 4046 351 4113 ΙΙ
381 4049 400 4130 ξ
426 4049 597 4114 133=*3
622 4050 652 4112 c
674 4048 726 4111 hic
751 4071 860 4112 uersus
886 4048 1034 4112 '‘Breui
1058 4048 1161 4129 capite
1187 4047 1312 4110 ceruice
1337 4048 1392 4110 rin·

123 4210 130 4219 ·
218 4165 328 4250 guina,
351 4168 482 4246 aspectu
505 4165 621 4228 truoi’'.
669 4165 784 4247 'capite
808 4163 909 4228 breui'
934 4164 1016 4240 libri,
1041 4163 1236 4245 transposuit
1252 4161 1392 4227 Ribbec-

218 4280 290 4343 lriuq
324 4280 366 4336 cl.
389 4278 483 4342 huius
507 4281 581 4343 libri
605 4303 636 4362 p.
650 4277 763 4343 CXIV.
810 4278 899 4343 Idem
913 4280 1071 4342 Pacuuius
1085 4302 1136 4361 ap.
1152 4279 1225 4342 126.
1239 4279 1391 4343 23:35
