2910 4778
140 285 251 332 CLXXX
588 286 633 332 DE
652 286 861 333 sandaresus.

249 457 339 534 Quod
356 459 440 522 enirn
458 458 542 523 inter
559 481 595 523 ea
612 480 731 543 genera
744 460 897 523 interesse
909 482 941 543 p.
954 457 1093 525 CLVIII
1104 481 1157 543 sq.
1171 459 1310 539 diximus,

142 575 175 639 id
198 574 291 659 quale
315 575 357 638 sit
373 596 489 659 magna
506 597 544 639 ea
560 575 775 658 exemplorum
793 575 884 659 copia
900 598 982 659 quae
997 598 1053 659 pp.
1071 573 1269 640 CLXI-IX
1282 580 1311 639 et

142 713 196 775 pp.
210 688 399 755 CLXX-V
412 691 531 774 scripta
543 693 602 770 est,
618 691 696 754 satis
708 691 894 756 illustratur.
919 691 1010 755 mitto
1023 692 1135 770 dubia,
1152 695 1312 776 praetereo

142 807 302 892 ambigua.
348 810 455 870 tamen
490 807 666 891 generatim
696 807 772 890 quid
796 808 960 890 utriusque
984 808 1026 872 sit
1050 808 1183 893 generis
1208 808 1311 872 existi·

141 945 228 986 mare
262 944 345 986 nunc
379 944 554 1005 possumus.
601 925 634 985 et
668 923 796 1005 quidem
824 924 1020 1006 comparanti
1044 923 1128 987 mihi
1153 926 1311 1007 praestare

141 1060 205 1102 non
238 1060 300 1102 uno
334 1038 461 1102 nomine
496 1038 645 1101 uidentur
679 1038 779 1102 doctis
807 1039 984 1122 popularia.
1030 1061 1111 1103 uera
1135 1040 1224 1104 enim
1245 1061 1311 1123 pro·

141 1154 253 1217 uerbia
288 1158 319 1217 et
348 1154 525 1237 popularia,
549 1153 616 1217 siue
640 1152 821 1237 rhythmica
845 1158 918 1217 sunt
941 1155 1008 1218 siue
1032 1156 1179 1219 numeris
1204 1155 1310 1226 solnta.

142 1273 269 1352 praeter
303 1271 395 1333 docta
429 1269 581 1353 pleraque
610 1270 769 1333 excellunt
793 1270 1019 1355 significantia,
1045 1272 1220 1351 breuitate,
1245 1292 1311 1335 con·

142 1385 306 1463 munitate,
327 1386 499 1470 grauitate,
523 1389 701 1463 denudate,
725 1386 871 1470 argutiis,
896 1386 1032 1469 denique
1055 1386 1238 1451 festiuitate
1260 1409 1311 1450 na·

142 1502 210 1565 tiua
244 1523 280 1565 ac
307 1502 416 1585 lepore
439 1501 587 1577 naturali,
611 1523 675 1565 non
698 1501 816 1567 fucato.
862 1524 998 1586 namque
1023 1502 1084 1566 etsi
1108 1506 1185 1566 sunt
1212 1503 1311 1587 aliqua

141 1639 181 1680 ex
205 1618 297 1681 docto
320 1639 443 1700 quoque
467 1638 585 1702 genere
611 1617 720 1681 breuia
743 1617 897 1681 concinna
920 1621 1046 1702 arguta,
1069 1621 1183 1682 tamen
1208 1621 1311 1683 eadem

141 1733 175 1796 in
201 1755 318 1817 genere
342 1733 490 1817 populari
512 1733 621 1797 insunt
644 1732 705 1796 alio
729 1734 865 1816 quodam
889 1734 990 1809 modo,
1014 1734 1100 1816 quod
1124 1735 1255 1799 facilins
1270 1739 1312 1799 est

141 1849 180 1912 in'
210 1849 287 1932 ipsis
322 1870 450 1912 cernere
486 1870 581 1931 quam
604 1849 711 1912 uerbis
736 1849 917 1932 explanare.
963 1850 997 1913 in
1020 1849 1187 1933 plerisque
1212 1854 1309 1915 antnn

142 1986 251 2028 eorum
287 1986 434 2028 uersuum
469 1964 717 2046 prouerbialium
741 1986 818 2047 quos
841 1965 926 2029 inter
948 1987 1058 2028 uersus
1081 1966 1212 2030 italicos
1236 1967 1310 2031 anti·

141 2102 221 2163 quos
245 2079 329 2143 edidi
354 2102 391 2143 ea
414 2080 491 2143 satis
511 2080 615 2144 elucet
631 2080 757 2165 generis
773 2081 934 2164 popularis
950 2081 1084 2145 indoles.
1133 2104 1196 2146 nec
1211 2085 1310 2146 tamen

141 2197 220 2259 satis
251 2217 399 2279 expressa
429 2198 478 2259 est
500 2196 532 2258 in
557 2194 644 2259 Sent.
671 2198 729 2273 123
757 2196 812 2273 17;
838 2198 898 2274 393
922 2197 980 2274 483
1006 2198 1064 2274 503
1090 2199 1152 2273 51;
1179 2200 1234 2274 55;
1258 2198 1308 2271 60;

144 2313 202 2390 633
228 2312 285 2389 66;
304 2312 355 2376 68.
402 2313 457 2376 sed
473 2315 608 2376 metrum
621 2312 726 2395 ipsum
741 2313 879 2375 ostendit
895 2334 1005 2376 uersus
1020 2313 1148 2377 italicos
1167 2315 1306 2398 antiquos

142 2450 211 2492 esse
247 2426 333 2492 Sent.
362 2430 418 2504 39;
444 2430 500 2501 503
526 2429 584 2505 553
611 2429 668 2504 603
695 2429 751 2506 633
777 2429 833 2503 66;
859 2429 917 2506 68;
947 2450 1028 2511 quae
1052 2431 1236 2493 sententiae
1257 2449 1307 2493 nec

142 2566 180 2608 ex
204 2544 356 2608 diuerbiis
379 2544 559 2607 fabularum
583 2543 703 2626 petitae
728 2565 796 2607 esse
820 2547 952 2628 possunt
974 2566 1033 2608 nec
1057 2566 1097 2607 ex
1117 2544 1306 2610 hexametris

141 2663 318 2744 poetarum.
365 2662 486 2723 restant
509 2658 608 2743 igitur
632 2659 775 2744 ambigui
792 2662 887 2742 atque
903 2659 1018 2723 incerti
1033 2681 1146 2724 uersus
1164 2665 1307 2745 quattuor

145 2777 204 2851 12;
240 2776 280 2839 17
290 2799 298 2853 ;
333 2775 392 2852 483
429 2776 482 2838 51.
529 2775 579 2838 cui
604 2796 736 2838 numero
760 2776 890 2838 accedet
913 2775 1047 2838 fortasse
1070 2797 1153 2839 unus
1179 2781 1213 2841 et
1235 2777 1307 2841 alter

143 2891 355 2974 reliquorum3
380 2913 410 2953 u.
434 2912 465 2973 p.
491 2887 594 2954 CLIII
617 2912 664 2973 sq.

142 3111 292 3186 ratimque
315 3130 361 3169 res
386 3110 429 3167 ita
452 3129 482 3167 se
505 3109 596 3167 habet
618 3112 654 3166 ut
677 3109 747 3168 dixi.
793 3109 924 3191 itemque
947 3129 1054 3185 graeca
1077 3113 1241 3186 prouerbia
1255 3131 1307 3171 non

142 3201 231 3258 modo
259 3199 337 3257 docti
360 3199 474 3274 generis
491 3202 561 3257 sunt
584 3198 635 3256 sed
658 3200 728 3256 sunt
751 3198 897 3272 quaedam
920 3198 996 3256 citra
1019 3199 1119 3257 studia
1143 3201 1306 3260 litterarum

143 3288 249 3345 Italiae
272 3288 358 3344 illata
374 3287 549 3345 commercio
561 3286 713 3354 sermonis,
727 3287 807 3361 qnod
820 3286 986 3361 antiquitus
998 3287 1057 3345 fuit
1071 3290 1193 3364 populis
1209 3290 1307 3348 Italiae

142 3376 286 3452 indigenis
299 3395 367 3435 oum
380 3375 498 3434 Graecis
511 3376 750 3450 antiquissimum
761 3382 790 3433 et
799 3376 1082 3450 frequentissimum.
1108 3378 1181 3436 etin
1195 3378 1306 3438 Graecis

143 3465 214 3541 ipsis
225 3465 385 3541 prouerbia
397 3464 554 3540 popularia
566 3465 682 3540 saepius
696 3465 903 3523 discernuntur
914 3485 931 3522 a
942 3465 1046 3536 doctis,
1058 3467 1140 3541 qnod
1153 3467 1306 3542 prouerbia

142 3575 178 3613 ea
206 3555 269 3630 ipsa
294 3573 413 3629 quoqne
437 3573 512 3629 quae
536 3574 553 3611 a
578 3552 698 3612 Graecis
721 3553 888 3629 sumpserat
903 3556 1024 3631 uulgus,
1038 3555 1219 3615 domesticae
1233 3560 1307 3633 apte-

143 3645 197 3703 bat
221 3642 435 3712 consuetudini,
459 3647 495 3700 ut
518 3648 614 3701 essent
636 3641 744 3701 similia
768 3643 934 3702 domesticis
957 3644 1006 3700 uel
1030 3644 1245 3704 allitteratione
1265 3645 1308 3704 nel

143 3732 344 3793 concinnitate
367 3732 416 3788 uel
440 3751 562 3790 numero
585 3733 634 3789 uel
657 3732 753 3790 forma
771 3732 896 3806 denique
913 3734 1076 3790 sententiae
1093 3736 1124 3791 et
1138 3735 1308 3795 uerborum.

142 3825 336 3898 quamobrem
372 3839 440 3879 oum
473 3820 533 3878 sint
567 3822 626 3880 dno
660 3839 769 3896 genera
796 3821 1013 3880 uocabmorum
1048 3841 1125 3896 quae
1162 3843 1180 3881 a
1210 3825 1308 3901 lingna

141 3931 251 3987 graeca
276 3910 305 3967 in
328 3909 453 3968 latinam
475 3910 609 3986 linguam
632 3913 702 3968 sunt
725 3910 989 3971 transimennum
1012 3912 1168 3985 populare,
1187 3913 1309 3972 alterum

142 4001 304 4069 eruditum,
341 3994 376 4058 iis
407 3998 563 4075 generibus
588 3998 752 4073 aequaliter
775 4000 953 4073 respondent
976 4000 1035 4058 duo
1058 4018 1171 4075 genera
1194 4021 1308 4078 prouer-

143 4089 272 4160 biorum,
298 4107 373 4164 quae
397 4108 414 4145 a
437 4087 578 4147 Romanis
601 4087 834 4162 usurpabantur,
860 4089 1115 4162 graecanioorum.

570 4288 887 4296 ———-—--.——---—
