2910 4778
136 306 218 352 cvm
611 307 777 353 Excvusrs
797 307 831 353 11.

136 480 178 556 2.,
202 478 372 561 patre(?)
396 478 490 562 Elog.
514 481 544 542 2.
562 480 610 543 2.:
634 480 701 543 orie
716 478 788 543 Liu.
805 482 825 544 3
845 480 878 560 ¹).
897 515 937 523 -
955 479 1134 563 largitio
1152 479 1241 546 Sent.
1260 483 1307 549 10.

135 594 195 657 etsi
218 593 246 658 Ο
268 594 457 657 nominatiui
481 594 614 657 solemni
638 616 724 657 more
746 599 913 677 poetarum
930 617 992 658 non
1008 598 1083 659 ante
1101 599 1307 679 posteriorem

134 716 259 792 partem
282 710 401 774 saeculi
423 707 498 774 Vll.
522 710 638 793 corripi
662 710 757 773 solita
780 715 838 788 est,
860 716 977 789 tamen,
994 711 1070 794 quia
1086 710 1226 777 Plautus
1242 736 1308 778 eam

134 826 390 889 terminationem
424 826 458 887 in
493 825 673 908 anapaestis
707 847 768 888 non
796 847 859 890 uno
882 825 951 890 loco
974 827 1142 910 corripuit,
1168 851 1308 895 sermone

135 942 319 1024 quotidiano
353 941 426 1004 inde
462 942 677 1023 apostoriore
701 945 792 1024 parte
816 963 899 1005 saec.
923 938 971 1004 Vl
994 943 1124 1006 uidetur
1148 945 1307 1008 interdum

133 1057 179 1120 ita
203 1061 350 1140 correpta
373 1078 441 1120 esse
464 1060 500 1119 ut
523 1056 628 1120 media
651 1061 734 1119 esset
757 1057 842 1119 inter
864 1057 995 1140 longam
1019 1062 1052 1121 et
1075 1059 1223 1125 breuem.

241 1173 324 1236 tibi
347 1172 439 1255 Elog.
465 1174 517 1236 20.
544 1175 572 1250 1,
597 1172 719 1234 mihei
745 1172 838 1256 Elog.
858 1170 1308 1260 321112mihlcomprec.

135 1291 164 1351 8.
203 1290 231 1366 7,
267 1287 371 1351 crine
401 1288 496 1369 Elog.
522 1289 572 1351 15.
600 1291 628 1352 I.
675 1310 714 1351 ex
738 1289 878 1352 carmine
902 1289 1003 1373 igitur
1024 1289 1229 1355 lustrationis
1253 1316 1307 1376 ap·

134 1408 226 1488 paret
261 1408 296 1468 ut
329 1405 522 1468 recentiores
545 1404 592 1466 ita
615 1403 850 1486 antiquissimos
874 1407 983 1486 poetas
1008 1427 1061 1467 eas
1085 1428 1183 1470 uoces
1208 1409 1307 1473 ambi-

134 1543 214 1602 guas
237 1520 397 1585 habuisse.

240 1637 348 1700 Etiam
384 1639 430 1698 aa
458 1635 647 1717 particulam
682 1638 807 1699 niature
831 1637 946 1717 corripi
970 1638 1111 1718 potuisse
1135 1661 1176 1702 ex
1201 1662 1240 1704 eo
1263 1641 1308 1704 in·

133 1752 299 1836 tellegitur
322 1751 406 1835 quod
431 1752 471 1814 ab
495 1751 574 1829 uti,
599 1773 661 1814 non
685 1752 725 1814 ab
749 1755 831 1829 uer,
857 1756 905 1815 est
928 1753 1055 1816 breuior
1079 1776 1142 1817 uox
1166 1759 1227 1834 ut,
1250 1757 1307 1822 nisi

133 1889 205 1931 cum
239 1867 367 1931 Brealio
402 1867 648 1930 existimandum
687 1872 736 1930 est
771 1870 813 1930 ut
851 1890 914 1930 non
953 1870 1111 1933 recentius
1148 1893 1219 1937 esse
1255 1873 1306 1936 illo

132 1984 202 2047 uti.
249 1984 332 2067 quod
367 1982 658 2067 quomodocumque
694 2005 727 2046 se
757 1982 865 2057 habet,
901 1985 933 2046 in
970 1985 1202 2069 antiquissimis
1239 2010 1308 2051 car·

133 2100 271 2162 minibus
307 2100 426 2171 dictum
461 2103 509 2161 est
543 2100 602 2162 uti
638 2100 750 2162 ultima
784 2099 928 2182 ancipIti.
974 2106 1039 2164 uti
1074 2100 1241 2186 Comprec.
1278 2106 1306 2168 8.
1346 2128 1350 2135 ·

134 2217 165 2294 6,
199 2215 329 2278 sicuti
364 2214 526 2297 Comprec.
563 2217 593 2279 9.
629 2217 687 2280 30:
724 2213 787 2278 uti
822 2214 986 2297 Comprec.
1021 2218 1051 2280 9.
1077 2219 1107 2288 9,
1134 2218 1194 2295 173
1227 2219 1305 2284 Ded.

135 2334 163 2395 1.
211 2332 244 2395 in
268 2331 425 2414 principio
449 2331 510 2394 coli
534 2331 619 2393 utei
650 2331 774 2393 iambus
799 2330 899 2394 dedic.
924 2333 955 2395 4.
980 2333 1010 2394 8.
1035 2341 1167 2397 ceterum
1192 2341 1224 2398 in
1249 2361 1308 2400 car-

132 2453 261 2511 minibus
295 2452 397 2529 priscis
432 2455 496 2510 uti
530 2453 666 2510 nltimam
701 2453 864 2527 producere
888 2460 993 2510 notum
1017 2458 1071 2511 est.
1107 2455 1159 2512 sed
1183 2451 1308 2532 (sic)uti

132 2543 285 2600 inuenitur
308 2542 352 2600 his
375 2542 446 2600 loeis
469 2543 499 2598 in
522 2542 619 2616 primo
642 2542 716 2616 pede

132 2631 245 2689 Ennius
280 2651 327 2707 ap.
365 2632 441 2688 Gell.
476 2630 523 2688 III
549 2631 599 2688 14.
626 2633 642 2688 5
691 2624 817 2688 Sicuti
840 2631 864 2688 si
888 2629 954 2705 quis
977 2631 1055 2689 ferat
1078 2651 1132 2691 uos
1156 2633 1222 2690 uini

883 2720 1069 2777 dimidiatum

166 2809 211 2867 Id.
271 2830 319 2884 ap.
345 2808 404 2866 Cic.
430 2809 464 2866 de
489 2828 551 2867 sen.
578 2808 617 2865 14
691 2803 822 2867 Sicuti
845 2809 930 2867 fortis
954 2828 1045 2884 equos
1068 2798 1245 2886 spatio'qui

878 2917 964 2973 saepe
987 2917 1135 2973 supremo.

292 2986 412 3046 sicuti
447 2980 522 3043 libri
549 2981 668 3064 places,
692 2986 769 3044 stent
804 3002 905 3062 ararem·
938 2988 985 3046 hle
1022 2992 1058 3045 ut
1090 2981 1308 3048 Bcclcrcusius

131 3072 198 3134 sirie
225 3071 292 3133 ullu
314 3071 499 3133 necessitate.

132 3165 265 3224 Lucilius
289 3186 334 3240 ap.
361 3165 439 3224 Non.
471 3165 543 3222 154.
570 3164 609 3221 23
688 3158 810 3222 Sicuti
834 3183 900 3233 cum
925 3166 1036 3240 primos
1060 3166 1129 3224 ficos
1153 3169 1281 3244 propola

877 3255 1002 3312 recentis

177 3343 222 3400 Id.
293 3363 340 3418 ap.
364 3341 442 3401 Non.
475 3342 548 3401 173.
576 3341 615 3399 19
693 3336 824 3400 Sicuti
846 3346 876 3399 te
900 3363 988 3418 quem
1013 3363 1124 3419 aequae
1148 3346 1278 3420 speciem

876 3432 957 3489 uitae
981 3451 1042 3490 esse
1065 3437 1208 3508 putamus

175 3519 221 3578 Id.
291 3540 338 3595 ap.
363 3521 443 3578 Fest.
470 3522 532 3578 206
557 3513 602 3578 M
690 3514 819 3578 Sicuti
842 3521 1003 3578 mechanici
1028 3541 1094 3580 cum
1119 3522 1180 3580 alto

878 3610 1022 3668 exsiluere
1046 3614 1173 3686 petauro

133 3771 342 3830 ’classicorum’
374 3772 503 3830 alienum
531 3775 585 3830 est.
631 3772 711 3846 quod
736 3772 770 3828 de
795 3771 923 3829 classicis
948 3773 1164 3830 demonstrauit
1187 3773 1308 3833 Harant

131 3855 232 3918 ’acccc
265 3856 302 3918 dc
332 3854 516 3938 philolopie’'
544 3854 567 3917 l
571 3854 602 3915 V
632 3858 650 3917 1
685 3881 714 3935 p.
753 3860 877 3930 25-93
903 3861 937 3918 de
960 3861 1064 3936 priscis
1087 3861 1188 3918 Elmer
1212 3856 1306 3921 'uane-

133 3946 222 4006 ricme
256 3945 388 4028 jum-acl
423 3945 461 4026 of
473 3942 642 4027 pleilolopp'
675 3945 762 4007 1887
784 3970 814 4025 p.
839 3950 902 4007 300
927 3969 992 4025 sqq.
1039 3951 1076 4008 cf.
1101 3950 1192 4008 etiarn
1216 3952 1256 4011 H.
1281 3952 1307 4013 Ι.

130 4039 256 4096 Mueller
279 4032 382 4115 philol.
407 4038 521 4096 XLVII
544 4037 618 4095 483.

243 4123 266 4198 ¹)
291 4127 357 4194 Sed,
394 4128 473 4203 quod
507 4146 612 4186 moneo
646 4128 712 4186 ideo
748 4147 783 4185 ne
818 4127 883 4204 quis
908 4128 979 4202 quid
1003 4128 1098 4186 dicam
1123 4127 1252 4198 dubitet,
1279 4135 1308 4188 -ὄ

131 4220 161 4273 et
184 4211 212 4273 -5
236 4216 363 4276 ablatiui
385 4237 444 4276 non
468 4219 596 4275 alterum
620 4217 657 4274 ab
677 4218 772 4275 altero
788 4223 902 4287 notum,
920 4217 971 4275 sed
987 4217 1131 4292 positione
1147 4217 1309 4295 figuraque

131 4304 257 4365 discreta
281 4324 342 4365 esse
366 4305 511 4365 existimo.
558 4306 596 4363 cf.
619 4323 650 4381 p.
674 4305 859 4364 LXXXVIII
883 4308 951 4364 adn.
