2910 4778
579 331 649 378 CAP.
669 331 713 378 XI.
1133 331 1232 380 CCXXI

56 502 110 567 lex
135 526 153 566 a
178 506 293 567 natura
317 504 391 566 data
414 506 450 566 ut
472 506 560 567 recte
588 503 693 586 patrio
717 525 861 567 sermone
885 506 1049 567 uterentur
1072 526 1174 588 neque
1199 504 1232 567 in

60 619 305 704 pronuntiandis
340 619 471 684 uocibus
507 620 744 683 committerent
778 620 1002 685 barbarismos
1049 621 1134 703 quod
1159 623 1231 684 ante

56 735 176 820 uiginti
200 738 325 818 septem
349 757 448 798 annos
472 736 540 798 iure
565 735 647 798 dixit
670 733 848 799 Buecheler
866 757 939 800 nou.
956 758 1029 799 ann.
1046 733 1232 799 LXXXVII

56 873 91 934 p.
114 852 179 916 335
205 850 289 914 ”Die
312 850 476 934 Kdrznny
498 872 555 914 corr
580 872 671 914 senec
697 853 738 914 ist
761 851 861 914 durch
876 851 1014 914 Plautus
1028 873 1088 914 zur
1105 851 1232 935 Gerrrlyo

55 966 212 1045 heroicam,
248 967 315 1030 ond
350 989 438 1030 reterre
472 989 546 1030 arcun
581 967 630 1030 die
653 967 852 1030 sebeiubaren
876 967 1154 1032 Sonderburlreiten
1176 968 1232 1030 der·

55 1082 288 1149 dramatisclren
325 1081 479 1146 Prosodilr
513 1083 571 1164 fele·
606 1083 663 1146 dos
694 1084 803 1146 oirnmt
826 1104 890 1146 was
913 1084 958 1146 sie
980 1084 1062 1165 sind,
1085 1083 1144 1165 fiir
1166 1082 1231 1146 Er·

54 1199 264 1282 scdeinnnpen
288 1199 343 1262 der
366 1199 612 1287 uittateiuiscbcn
629 1197 775 1282 Sprache,
794 1220 827 1262 so
842 1199 973 1262 oersteht
988 1199 1052 1262 sich
1069 1221 1126 1263 oon
1141 1199 1232 1263 solbat

56 1315 138 1378 dosa
160 1314 245 1378 nicht
269 1313 437 1378 Satnrnr'er
460 1315 527 1377 und
550 1313 652 1379 Senru·
674 1315 738 1396 auf
756 1315 867 1378 diesem
891 1314 997 1379 Gebiet
1019 1315 1233 1379 Uolerscbc'ede

54 1430 207 1515 bedinpcn
241 1430 376 1494 eundern
411 1431 469 1493 ders
503 1428 684 1494 Zeitolter”.
731 1431 814 1513 quod
849 1430 920 1494 ideo
954 1452 1165 1495 commemoro
1193 1453 1232 1494 ne

54 1546 130 1630 quis
153 1546 302 1638 opinetur
324 1546 429 1631 magis
453 1546 486 1608 in
503 1545 661 1610 Saturniis
684 1545 798 1610 iambis
821 1567 918 1629 quam
941 1546 973 1609 in
998 1548 1133 1610 senariis
1156 1549 1230 1612 bre·

55 1682 114 1726 nes
138 1662 277 1745 syllabas
300 1663 369 1745 ipso
392 1662 458 1725 ictu
481 1662 613 1726 metrico
636 1661 767 1744 produci
791 1662 933 1745 potuisse
957 1662 1025 1726 sine
1051 1663 1115 1727 ulla
1130 1664 1231 1727 offen-

55 1779 147 1843 sione
176 1782 231 1841 aut
253 1777 334 1841 nihil
358 1777 556 1861 displicuisse
580 1778 614 1840 in
636 1779 747 1841 metris
772 1778 953 1842 domesticis
977 1779 1111 1852 hiatum,
1136 1802 1231 1863 quem

54 1894 203 1979 fugerint
226 1914 334 1957 omnes
358 1896 472 1976 poetae
496 1893 598 1957 latini.
645 1915 703 1957 nec
727 1894 819 1958 modo
843 1895 1011 1973 aetatibus,
1036 1895 1121 1978 quod
1145 1917 1231 1959 conr-

56 2012 217 2074 memorat
250 2007 437 2087 Buecheler,
463 1994 613 2072 distincta
636 2012 685 2072 est
707 2009 741 2072 in
764 2012 899 2093 utroque
924 2031 1041 2094 genere
1066 2013 1099 2074 et
1123 2012 1230 2075 dome·

54 2126 140 2189 stico
175 2129 208 2188 et
241 2124 430 2209 graecanico
455 2145 492 2187 ea
519 2124 668 2203 uarietas,
704 2125 760 2188 sed
795 2125 893 2188 etiam
926 2125 1031 2189 indole
1056 2147 1093 2189 ac
1116 2130 1231 2191 natura
1293 2126 1297 2135 '

56 2241 213 2325 rhythmi.
259 2263 322 2304 non
358 2240 442 2303 enim
472 2243 545 2304 sunt
568 2262 677 2304 omnes
700 2262 759 2304 nec
782 2263 893 2304 uersus
917 2240 1060 2305 Saturnii
1082 2264 1140 2306 nec
1165 2266 1232 2307 mo·

53 2357 163 2449 nocoli
199 2356 363 2420 domestici
398 2355 612 2420 Romanorum
646 2356 777 2420 iambici
809 2361 864 2420 aut
886 2356 1050 2436 trochaici,
1075 2362 1110 2421 ut
1133 2358 1232 2423 iambi

53 2477 93 2536 et
116 2472 259 2536 trochaei
282 2471 411 2555 proprie
448 2472 605 2550 dicuntur,
630 2471 685 2535 sed
710 2477 783 2535 sunt
806 2472 904 2535 etiam
928 2473 1134 2556 anapaestici‚
1159 2478 1232 2538 sunt

55 2588 220 2671 dactylici,
255 2590 329 2651 sunt
357 2587 494 2671 denique
518 2591 551 2650 et
573 2587 778 2651 hemistichia
802 2592 834 2651 et
856 2609 967 2652 uersus
990 2589 1151 2672 simplices
1176 2591 1232 2653 do-

54 2704 185 2768 mestici
219 2703 274 2786 qui
308 2703 399 2766 mixti
434 2724 501 2766 esse
525 2702 696 2767 uideantur
719 2726 758 2766 ex
780 2702 939 2767 trochaeis
963 2707 996 2768 et
1019 2706 1153 2789 dactylis
1178 2712 1232 2770 aut

57 2843 100 2884 ex
123 2820 239 2884 iambis
271 2822 302 2883 et
326 2819 518 2902 anapaestis.
563 2817 598 2880 hi
622 2841 660 2882 ea
683 2841 717 2882 re
742 2841 803 2882 non
828 2819 996 2883 dissimiles
1020 2825 1094 2883 sunt
1116 2822 1231 2886 iambis

54 2936 123 3000 illis
146 2936 255 3020 lyricis
278 2935 386 2999 Plauti
411 2956 489 3019 quos
514 2956 622 2998 uersus
646 2933 815 2998 Reizianos
839 2935 958 3000 dicunt.
1005 2959 1050 3000 ea
1079 2937 1230 3002 discri-

56 3052 168 3116 mina
201 3052 395 3135 prosodia
430 3056 469 3115 et
510 3051 600 3135 ipsa
636 3051 926 3134 quodammodo
967 3053 1156 3135 sequitur
1196 3058 1231 3118 ut

57 3167 147 3250 apud
163 3167 313 3231 Plautum
328 3167 406 3231 item
422 3167 455 3230 in
471 3167 559 3251 poesi
574 3165 733 3232 Saturnia.
772 3169 940 3250 postremo,
956 3191 996 3232 ne
1012 3169 1102 3253 leges
1118 3169 1231 3253 rhyth-

56 3282 161 3346 micae
186 3285 218 3346 et
240 3283 443 3366 prosodiaeae
467 3283 551 3346 inter
574 3305 607 3346 se
631 3283 876 3363 confundantur,
901 3305 968 3347 rem
986 3285 1128 3349 breuiter
1144 3308 1230 3350 com·

55 3397 236 3482 prehendo:
272 3399 540 3482 prosodiacae
575 3399 664 3483 leges
699 3400 766 3463 fere
802 3421 910 3463 omnes
945 3422 1125 3464 communes
1157 3405 1231 3465 sunt

57 3513 150 3598 poesi
173 3511 341 3578 Saturniae
365 3514 553 3598 antiquioris
577 3515 649 3578 aeui
673 3537 744 3579 curn
767 3516 913 3579 uersibus
937 3515 1097 3580 Plautinis
1121 3520 1153 3580 et
1169 3516 1230 3581 Te·

57 3628 227 3707 rentianis3
251 3628 508 3712 rhythmicae
532 3631 639 3693 autem
661 3630 832 3714 pleraeque
857 3651 1047 3710 communes,
1073 3634 1231 3716 quaedam

57 3745 249 3829 peculiares.
295 3745 482 3829 graecisque
518 3745 711 3810 carminibus
735 3746 874 3829 antiquis
899 3749 931 3810 et
954 3748 1162 3831 popularibus
1186 3750 1230 3812 si-

56 3860 151 3925 miles
187 3882 256 3924 esse
291 3882 400 3924 uersus
434 3859 491 3925 hos
526 3860 659 3924 italicos
681 3862 827 3944 antiquos
852 3865 884 3926 et
907 3863 1063 3927 uarietate
1088 3863 1230 3948 rhythmi

55 3976 409 4060 iambico-anapaestici
450 3981 482 4040 et
516 3976 646 4040 licentia
682 3976 789 4040 theses
824 3978 846 4042 i.
881 4000 909 4043 e.
944 3979 1114 4042 interualla
1152 4001 1227 4062 per·

56 4091 238 4157 cussionum
263 4092 481 4175 supprimendi
505 4114 597 4156 nemo
620 4114 684 4156 non
706 4093 830 4158 uidebit
853 4094 903 4157 cui
927 4095 1056 4179 cognita
1083 4096 1176 4157 erunt
1192 4117 1231 4159 ea

56 4228 142 4292 quae
167 4208 205 4271 de
228 4207 342 4290 priscis
366 4210 399 4272 et
421 4207 627 4292 popularibus
647 4208 841 4273 carminibus
858 4207 1052 4273 Graecorum
1069 4209 1230 4294 disputata
