2910 4778
322 957 650 1062 VERSVS·
693 957 1024 1062 lunulas·

472 1281 473 1284 Ὺ
546 1155 820 1244 surrevi-

678 1402 709 1495 l.

479 1575 907 1657 SENTENTIAE.

530 1774 563 1845 1.
618 1765 859 1846 Prouerbtu

152 1907 194 1976 in
223 1906 371 1979 solutae
400 1907 587 1979 orationis
615 1909 797 1979 contextu
824 1906 1046 1999 posteritati
1073 1906 1229 1980 tradite.

663 2056 714 2136 A.

316 2195 442 2360 Quot
468 2253 641 2327 homines
667 2257 729 2327 tot
756 2252 982 2329 sententiae.

1247 2266 1261 2320 1

313 2377 472 2450 Minoris
500 2401 611 2472 quam
640 2379 790 2451 musote
819 2402 960 2453 sumus.
1245 2389 1262 2444 2

315 2502 420 2588 Quod
448 2501 561 2575 hodie
588 2527 666 2576 non
695 2504 862 2577 esteris
891 2505 977 2578 erit.
1091 2543 1092 2546 ¹
1246 2515 1271 2570 3.

314 2626 441 2721 Longe
469 2627 566 2720 fugit
595 2628 659 2720 qui
686 2626 772 2700 suos
800 2629 910 2721 t'ugit.
1244 2640 1262 2693 4

205 2799 366 2864 Asterisco
390 2800 438 2881 (²⁸)
462 2808 611 2865 metamur
634 2802 659 2864 ii
683 2823 792 2866 uersus
815 2803 869 2887 qui
891 2824 1020 2865 manum
1035 2802 1269 2867 mandatricem

109 2889 228 2953 editoris
251 2897 307 2953 aut
328 2890 465 2953 alicuius
488 2891 525 2953 de
547 2890 765 2954 recentioribus
782 2891 951 2975 philologis
962 2893 1052 2975 passi
1066 2891 1125 2954 lcac
1139 2891 1270 2955 editione

109 2978 191 3042 iliter
220 2978 401 3042 scribuutur
428 2986 518 3064 atque
540 2986 665 3043 uestrae
688 2982 784 3043 aetati
806 2980 917 3045 traditi
939 2987 1022 3044 suut.
1068 2980 1122 3043 sui
1143 2981 1265 3064 supple·

109 3073 201 3130 acuta
224 3067 336 3131 litteris
359 3070 496 3131 cccrsiuis
517 3070 695 3152 sinuantur.
721 3105 761 3114 —
786 3070 827 3139 A.
840 3089 861 3132 a
884 3069 988 3132 littera
1010 3068 1134 3132 iambici
1148 3076 1176 3132 et
1190 3089 1268 3133 aua·

109 3157 245 3236 mestici;
279 3156 352 3233 B,b
387 3157 492 3220 littera
525 3157 674 3221 trochaici
707 3164 734 3221 et
768 3157 914 3234 dactylici
947 3178 1057 3221 uersus
1090 3159 1268 3241 sinuantur.

109 3280 138 3289 -
174 3242 383 3327 Maiusculis¹
414 3245 511 3309 itteris
534 3247 591 3327 (A,
605 3246 648 3327 B)
671 3247 839 3330 sinuantur
860 3246 1011 3309 uersiculi
1033 3253 1168 3309 extrema
1181 3246 1269 3327 ¹tleesi

109 3340 237 3417 meacm·
259 3335 444 3398 minusculis
467 3339 512 3415 (a,
530 3334 560 3413 a)
583 3356 759 3419 suumrmsa.
806 3356 861 3399 uec
884 3356 957 3398 uem
973 3337 1190 3418 anapaesticus
1205 3357 1264 3399 uu·

109 3443 200 3486 uerus
234 3424 268 3486 iu
300 3423 356 3487 leoc
387 3445 496 3507 aeneae
522 3445 639 3508 semper
661 3426 739 3487 satis
761 3425 911 3487 discretus
934 3431 977 3487 est
999 3423 1036 3487 ab
1059 3423 1189 3487 iambico
1211 3446 1266 3488 uec

109 3511 267 3596 matutinus
290 3533 310 3575 a
332 3512 497 3576 trochaico.
923 3556 926 3565 ·
1135 3584 1140 3591 ,

204 3601 235 3666 1.
283 3605 416 3665 Oioero
451 3607 486 3664 de
520 3607 586 3666 Fin.
621 3607 645 3665 I.
671 3607 686 3676 θ
712 3606 763 3667 15.
810 3606 1017 3665 Terentius
1040 3607 1161 3667 Phorm.
1187 3608 1262 3667 454.

109 3694 138 3753 tf.
179 3695 253 3755 Hor.
285 3694 315 3754 S.
339 3695 381 3754 ΙΙ.
409 3695 436 3754 1.
463 3695 514 3754 27.
540 3699 636 3771 ”quot
658 3696 791 3772 capitum
813 3696 924 3754 uiuunt
947 3695 1071 3754 totidem
1095 3695 1264 3756 studiorum

109 3783 208 3843 rilia’'.
253 3803 312 3844 usu
335 3785 441 3843 tritum
464 3784 658 3860 prouerbium
682 3790 712 3843 et
736 3785 908 3843 Terentium
932 3788 963 3842 et
985 3783 1155 3844 Ciceronem
1178 3803 1262 3843 usur·

112 3891 177 3932 asse
199 3873 383 3949 probabilius
409 3877 454 3932 est
476 3893 567 3949 quam
592 3872 761 3933 Ciceronem
784 3893 802 3932 a
826 3873 965 3932 Terentio
988 3874 1155 3949 sumpsisse.

199 3957 234 4025 2.
280 3962 487 4022 Petronius
511 3981 537 4021 e.
562 3964 614 4021 42.
723 3958 757 4022 3.
802 3963 904 4021 Idem
928 3980 953 4020 o.
978 3964 1030 4021 45.

199 4045 234 4112 4.
279 4051 426 4111 Nonius
463 4052 535 4111 204.
573 4053 624 4109 22.
672 4051 795 4110 Varro
818 4054 937 4110 saturae
960 4051 1016 4110 hoc
1039 4070 1146 4110 nomen
1170 4050 1260 4109 dedit.

112 4183 120 4197 .
158 4138 221 4199 155
256 4140 352 4211 Riese,
386 4161 416 4217 p.
454 4140 516 4199 188
545 4141 708 4200 Buecheler
723 4134 747 4200 ³.
793 4143 890 4199 exstet
912 4139 990 4237 idem
1013 4143 1189 4216 corruptum
1213 4160 1262 4216 ap.

109 4247 266 4307 'etronium
289 4267 314 4307 e.
339 4249 380 4306 43
406 4247 448 4307 ”l.
470 4247 493 4305 f.
518 4247 696 4324 quisquis
717 4265 744 4341 s.
767 4247 811 4305 ἔθ’
840 4278 874 4291 -
902 4265 989 4307 suos
1012 4246 1262 4321 monosyllabum.
1330 4236 1332 4241 ’

1141 4373 1153 4418 l
