2910 4778
142 303 271 351 CXXVIII
616 307 783 353 EXCVRSVS
802 308 836 354 11.

249 479 294 543 At
316 503 374 544 uec
398 481 431 544 in
454 479 612 545 trochaeis
636 502 694 544 nec
718 481 752 544 in
774 481 890 544 iambis
913 482 998 558 licet,
1024 483 1109 565 quod
1136 483 1320 547 recentissi-

141 597 201 660 mis
224 597 327 682 magis
352 600 555 680 perspectum
579 601 635 660 est.
682 619 757 660 nam
781 597 852 660 cum
876 597 1082 676 Ritschelius,
1108 599 1203 663 cuius
1222 605 1271 663 est
1285 622 1319 664 ea

141 714 211 776 laus
235 715 317 796 quod
341 712 400 777 hoc
425 713 593 777 discrimen
626 713 862 792 animaduertit,
887 714 991 776 minus
1015 736 1116 798 agens
1142 715 1318 799 aequabili·

141 833 200 908 ter,
236 830 404 893 octonariis
427 830 511 893 idem
543 830 750 893 concessisset
774 832 869 912 atque
893 831 1085 914 anapaestiS,
1110 852 1210 911 nunc,
1235 836 1318 916 post

142 967 237 1027 quam
261 944 451 1030 Spengelius
474 945 593 1009 librum
617 946 655 1008 de
680 946 878 1008 emendanda
900 945 1022 1010 ratione
1046 947 1186 1010 metrica
1212 948 1316 1027 edidit,

141 1061 218 1124 satis
243 1065 366 1125 constat
389 1062 568 1126 octonarios
592 1062 787 1124 scenicorum
805 1062 918 1124 iisdem
933 1063 1060 1147 legibus
1077 1063 1198 1145 quibus
1216 1067 1316 1147 septe·

140 1179 246 1241 marios
271 1182 303 1241 et
326 1179 467 1241 senarios
490 1200 615 1260 parere.

201 1334 205 1357 ι
248 1292 430 1358 Saturnium
454 1316 619 1357 numerum
644 1315 710 1357 esse
735 1295 908 1359 iambicum
932 1299 964 1358 et
987 1295 1189 1360 trochaicum
1213 1297 1314 1360 existi·

141 1413 241 1474 mant.
288 1432 347 1473 nec
371 1410 403 1472 id
435 1410 560 1473 iniuria.
609 1411 811 1473 concedimus
835 1413 942 1474 autem
965 1411 1129 1474 licentiam
1155 1410 1257 1492 illam,
1281 1413 1313 1475 de

141 1549 204 1609 qua
230 1528 347 1611 agitur,
373 1527 554 1609 anapaestis
579 1526 767 1608 permissam
785 1548 863 1602 esse,
881 1527 1019 1590 alienam
1036 1550 1055 1590 a
1071 1549 1194 1612 genere
1212 1528 1312 1612 duplo.

141 1643 218 1725 quid
242 1646 341 1727 ergo?
366 1646 414 1705 est
437 1642 504 1705 ulla
527 1643 706 1706 coniunctio
729 1642 878 1705 licentiae
902 1643 989 1706 illius
1013 1648 1263 1724 anapaestorum
1286 1647 1313 1707 et

141 1781 250 1822 eorum
284 1780 365 1841 (puae
390 1759 423 1821 in
447 1757 597 1820 saturniis
621 1758 811 1840 quibusdam
835 1757 1064 1822 horridioribus
1088 1759 1204 1823 eodem
1228 1760 1312 1824 modo

141 1874 227 1937 facta
261 1878 356 1937 sunt?
392 1895 467 1936 sane
503 1874 607 1956 primo
643 1874 734 1956 quasi
762 1874 874 1938 obtutu
903 1897 965 1938 non
989 1875 1150 1954 uidentur,
1176 1877 1313 1940 simodo

141 2012 260 2074 genera
295 1991 365 2074 ipsa
389 2012 591 2053 numerorum
616 1990 742 2053 diuersa
765 1993 850 2069 sunt,
875 2013 1016 2074 eaquae
1041 1991 1074 2054 in
1098 1995 1239 2076 utroque
1261 2014 1313 2078 ge·

141 2128 215 2169 nere
240 2107 387 2169 similiter
410 2106 490 2168 fiunt
513 2106 597 2169 inter
620 2128 653 2169 se
677 2129 759 2170 nexa
783 2129 863 2172 esse.
910 2108 998 2190 atqui
1021 2107 1158 2172 fortasse
1177 2131 1312 2192 anapae-

141 2222 182 2284 sti
217 2222 364 2304 plautini,
389 2223 473 2304 quod
497 2222 536 2284 ad
561 2223 741 2305 prosodiam
767 2223 892 2301 attinet,
916 2245 979 2287 non
1002 2223 1094 2287 modo
1118 2246 1185 2288 non
1210 2246 1313 2289 omnes

140 2337 275 2400 seiuncti
313 2341 386 2400 sunt
422 2362 440 2400 a
476 2338 635 2416 saturniiS,
665 2359 776 2400 uerum
801 2338 896 2400 etiarn
922 2339 1159 2422 coniunguntur
1184 2362 1257 2404 cum
1279 2341 1314 2404 iis

141 2455 294 2517 societate
329 2476 392 2517 non
426 2455 540 2516 intima
575 2453 630 2516 illa
665 2454 804 2536 quidem,
840 2454 895 2516 sed
930 2454 1046 2537 aliqua.
1094 2477 1200 2538 neque
1231 2457 1312 2520 enim

140 2570 270 2634 iambici
305 2569 499 2634 troclraiciue
535 2569 646 2633 subtili
670 2569 906 2653 significatione
931 2570 1057 2633 dicendi
1080 2574 1155 2634 sunt
1181 2573 1313 2636 saturnii

141 2687 187 2749 ita
209 2690 246 2750 ut
268 2687 396 2771 proprie
420 2685 507 2748 ualet
530 2685 579 2748 uis
603 2686 694 2748 uerbi
717 2684 859 2748 trochaei
884 2689 939 2750 aut
961 2687 1072 2761 iambi;
1096 2687 1163 2764 sed,
1182 2689 1216 2752 id
1232 2689 1313 2772 quod

139 2801 190 2865 his
214 2801 450 2886 prolegomenis
475 2801 616 2883 exposui,
641 2801 775 2864 saturnii
799 2805 873 2864 sunt
896 2802 1126 2884 quodammodo
1151 2804 1251 2868 medii
1268 2808 1313 2868 at·

141 2940 202 3000 qne
237 2918 398 2980 interiecti
431 2917 514 2980 inter
537 2939 703 2979 numerum
728 2917 920 3000 dactylicum
944 2918 995 2981 uel
1019 2921 1262 3001 anapaesticum
1285 2924 1314 2984 et

140 3034 312 3097 iambicum
336 3033 389 3096 uel
411 3032 617 3096 trochaicum.
665 3055 763 3115 quare
787 3055 849 3097 non
875 3033 949 3096 licet
971 3035 1004 3096 in
1029 3035 1190 3100 saturnios
1210 3039 1314 3100 trans·

139 3150 225 3211 ferre
260 3150 366 3213 omnia
401 3170 481 3231 quae
517 3149 634 3212 scenici
668 3153 863 3231 usurparunt
892 3150 925 3212 in
949 3149 1063 3213 iambis
1087 3153 1120 3213 et
1143 3151 1312 3216 trochaeis.

140 3265 230 3328 uelut
265 3265 291 3326 si
326 3265 396 3347 quis
433 3267 520 3327 uetat
543 3264 747 3328 hemistichia
770 3265 912 3328 saturnia
936 3266 981 3329 sic
1005 3266 1128 3330 scandi:
1163 3267 1313 3331 ''Laiciom

50 3356 54 3377 ⁵
139 3381 299 3463 (Lucjom)
333 3379 534 3463 Scipionem’
559 3384 591 3444 et
616 3381 741 3464 ’'Schrio
765 3380 909 3464 (Scipjo),
934 3382 1049 3464 recipit
1073 3381 1208 3462 Terra'',
1233 3385 1313 3468 quod

142 3520 179 3560 ea
202 3497 366 3560 scansione
390 3518 452 3559 non
476 3496 570 3560 facile
595 3497 642 3559 uti
666 3498 762 3560 liceat
785 3498 818 3560 in
841 3497 987 3562 uersibus
1010 3496 1182 3561 trochaicis
1200 3499 1312 3565 iambi·

140 3613 249 3695 cisque
284 3612 489 3688 scenicorum,
527 3634 599 3675 eum
632 3635 695 3676 non
725 3616 851 3695 oportet
874 3613 918 3677 sic
942 3613 1094 3676 scandere
1118 3616 1311 3680 saturnium:

142 3727 278 3792 ''Consol
312 3728 418 3790 ccrrsdr
452 3727 592 3806 aidilis'',
624 3729 708 3810 quod
732 3750 831 3810 aeque
856 3733 951 3812 atque
975 3729 1053 3793 illud
1078 3730 1119 3792 ab
1143 3728 1261 3796 iambis
1284 3734 1312 3795 et

141 3843 299 3907 trochaeis
334 3843 532 3906 scenicorum
560 3844 699 3906 alienum
725 3846 782 3906 est.
830 3845 966 3927 denique
990 3844 1125 3907 saturnii
1149 3867 1210 3909 nec
1234 3846 1311 3933 legi·

142 3961 200 4023 bus
224 3960 402 4023 iamborum
428 3959 551 4021 astricti
576 3963 648 4021 sunt
672 3981 731 4022 uec
754 3960 788 4022 in
804 3982 929 4023 ornnem
945 3960 1109 4023 licentiam
1125 3967 1311 4045 anapaesto·

140 4098 211 4139 rum
235 4074 386 4158 prolapsi.
432 4075 549 4157 quippe
582 4076 678 4139 medii
702 4079 775 4139 sunt
797 4076 881 4140 inter
904 4099 941 4140 ea
966 4098 1094 4160 genera.
1142 4099 1181 4140 ac
1205 4098 1311 4142 uersus

141 4190 286 4254 Reiaiani
309 4191 362 4254 uel
385 4190 483 4254 iambi
506 4189 610 4273 lyrici,
634 4212 696 4273 quo
719 4192 845 4255 nomine
870 4193 910 4255 ab
930 4191 1082 4276 Langenc
1099 4193 1139 4254 ad
1155 4191 1233 4257 Aul.
1253 4193 1310 4258 156

138 4308 215 4390 apte
238 4306 451 4384 nominantur,
475 4305 535 4369 hac
560 4328 593 4369 re
617 4308 691 4370 sunt
713 4307 863 4370 saturniis
887 4307 1016 4370 similes.
1063 4328 1136 4370 nam
1155 4308 1311 4391 posterius
