2910 4778
673 333 743 380 CAP-
761 333 791 380 X.
1242 334 1319 382 CCIX

130 483 200 568 ¹illi
235 506 481 570 uenerabantur.
528 509 560 568 et
593 505 654 569 hae
690 509 791 571 sortes
828 506 991 571 domestici
1015 507 1141 592 generis
1165 510 1318 591 quotquot

148 623 280 684 exstant
313 642 421 685 omnes
456 621 600 704 periodos
629 620 768 685 efficiunt
792 621 993 701 bimembres,
1017 644 1098 706 quae
1122 626 1155 686 et
1176 623 1261 686 inter
1283 644 1317 686 se

150 740 184 800 et
219 757 290 800 cum
326 735 482 800 Saturniis
517 711 651 800 maxime
686 740 840 822 cognatae
875 740 958 801 sunt.
1014 737 1136 801 Ennius
1153 738 1176 813 ¹)
1211 741 1317 801 autem

147 873 224 915 cum
259 852 338 915 dicit
372 874 422 935 ap.
462 851 526 916 Cic.
562 852 652 916 Brut.
688 853 706 934 ἐ
743 853 784 916 76
811 850 968 917 Naeuium
1000 860 1050 918 res
1077 852 1186 936 populi
1216 851 1318 936 scrip·

145 967 229 1031 sisse
265 967 377 1031 iisdem
412 967 551 1031 numeris
587 967 702 1051 quibus
736 968 803 1031 fata
827 969 1016 1034 cecinissent
1039 967 1142 1032 Fauni
1164 971 1315 1050 uatesque

148 1104 214 1146 non
250 1082 379 1146 dubium
414 1085 463 1146 est
497 1082 574 1166 quin
607 1083 753 1166 periodos
788 1083 979 1148 bimembres
1002 1082 1074 1148 illas
1097 1106 1135 1148 ea
1159 1084 1315 1148 communi

145 1198 366 1281 appellatione
391 1198 574 1281 complexus
597 1199 649 1261 sit.
694 1202 726 1262 et
741 1199 809 1263 iure
826 1199 953 1283 quidem
970 1200 1015 1263 ita
1028 1177 1108 1285 egit.
1144 1200 1210 1264 siue
1227 1200 1311 1263 enim

118 1373 121 1377 .
149 1314 234 1378 binis
250 1313 448 1397 simplicibus
466 1315 609 1378 uersibus
626 1313 840 1379 discribuntur
856 1315 923 1379 siue
939 1315 1073 1400 singulis
1087 1314 1314 1380 bimembribus

152 1466 191 1474 -
218 1430 447 1494 bimembribus
470 1452 584 1494 nomen
600 1428 741 1494 Saturnii
757 1452 776 1493 a
791 1430 1009 1514 grammaticis
1025 1430 1191 1494 definitum
1208 1433 1256 1493 est
1273 1467 1313 1476 -

148 1547 247 1609 iidem
270 1549 344 1608 sunt
367 1548 545 1630 generatim
568 1545 692 1609 numeri
716 1546 836 1608 ictuum
859 1548 1020 1610 ternorum
1036 1549 1314 1629 quaternorumue‚

146 1662 235 1746 iique
259 1662 352 1726 modo
375 1661 504 1725 iambici
527 1661 619 1725 modo
640 1661 804 1725 trochaici.
847 1683 984 1745 casuque
1001 1661 1068 1724 sine
1084 1662 1179 1727 dubio
1195 1663 1314 1726 facturn

144 1781 197 1841 est
228 1782 263 1841 ut
279 1777 365 1841 nulli
389 1799 497 1841 uersus
520 1777 664 1854 saturnii,
690 1776 744 1860 qui
767 1776 864 1860 uulgo
889 1777 1036 1841 dicuntur
1058 1776 1161 1857 hodie,
1175 1777 1314 1842 1110111-

147 1895 206 1958 bus
235 1897 427 1957 uetustatem
457 1894 587 1957 ferrent.
633 1893 713 1956 illud
736 1915 811 1957 uero
836 1896 987 1957 nontam
1009 1893 1125 1957 mirum
1148 1899 1197 1957 est
1218 1916 1315 1977 quarn

143 2010 310 2088 miserum,
346 2010 429 2093 quod
464 2009 568 2093 qualis
596 2011 678 2072 esset
702 2030 739 2072 cn
763 2013 795 2072 et
817 2009 955 2072 uarietas
980 2012 1012 2073 et
1035 2009 1181 2094 cognatio
1204 2032 1315 2074 nume·

145 2148 255 2190 rorum
291 2125 483 2189 Fauniorum
517 2124 570 2188 uel
593 2124 812 2189 Saturniorum
834 2147 898 2189 non
921 2125 998 2189 satis
1022 2124 1314 2190 animaduerterunt

141 2240 349 2327 grammatici
380 2240 482 2304 latini.
529 2263 568 2303 ex
591 2263 653 2325 quo
676 2262 806 2304 numero
831 2263 933 2316 nemo,
958 2241 1046 2305 ouius
1067 2241 1194 2324 quidem
1221 2265 1314 2326 prae·

142 2360 240 2440 cepta
275 2358 314 2420 de
349 2378 386 2419 ea
417 2378 451 2420 rc
476 2359 611 2435 exstent,
636 2359 764 2438 praeter
787 2355 932 2420 Caesium
956 2355 1090 2420 Bassum
1114 2357 1154 2420 ad
1178 2358 1313 2442 cogniti-

136 2496 238 2538 onem
274 2473 341 2536 eius
376 2473 461 2557 quod
495 2472 676 2556 quaerimus
710 2473 744 2535 in
770 2473 835 2536 ullo
856 2472 926 2536 loco
949 2471 1112 2536 habendus
1136 2476 1192 2537 est.
1239 2495 1312 2538 nam

129 2589 245 2654 'ceteri
268 2587 372 2653 ansii
395 2592 566 2672 praecepta
589 2588 702 2652 inscite
725 2589 870 2652 iterando
893 2589 1029 2652 reddunt
1052 2589 1193 2654 exiliora.
1232 2589 1312 2653 an-

137 2707 210 2769 sius
245 2726 320 2768 uero
354 2704 472 2768 Bassus
506 2706 574 2787 ipse
610 2726 732 2787 quoque
761 2726 832 2767 curn
856 2705 996 2768 carmina
1019 2704 1124 2787 prisca
1147 2708 1179 2768 et
1203 2705 1310 2768 dome-

138 2822 226 2885 stica
261 2821 291 2884 ei
325 2803 435 2903 parum
474 2821 602 2906 cognita
636 2823 750 2900 essent,
786 2842 988 2884 numerorum
1022 2820 1147 2884 illorum
1179 2821 1311 2884 scientia

146 3060 211 3119 114
235 3064 265 3118 et
290 3060 351 3118 115
378 3063 440 3098 '’—
465 3060 560 3118 multa
584 3080 600 3117 a
623 3059 857 3118 uaticinantibus
873 3079 959 3134 saepe
975 3059 1197 3134 praedicuntur,
1215 3077 1309 3135 neque

139 3151 241 3209 solum
260 3149 370 3219 uerbis,
387 3148 542 3206 sedetiam
560 3149 755 3207 ’Versibus
772 3149 1310 3224 quosolimFauniuatesque

141 3238 358 3298 canebant'.
406 3237 507 3295 similit
494 3240 540 3294 ter
566 3237 678 3296 Marius
713 3240 744 3296 et
766 3237 918 3296 Publicius
941 3240 1026 3295 uates
1050 3236 1186 3295 cecinisse
1210 3236 1309 3295 dicun-

141 3331 229 3386 tur''.
265 3325 325 3385 Orc
342 3327 428 3385 Bru
453 3321 650 3400 §lllossf
677 3326 738 3397 76).
764 3345 806 3385 or
831 3325 945 3395 5171.
970 3325 1093 3395 Quintil.
1118 3325 1307 3385 ΧΙ4115.

144 3446 188 3454 -
224 3415 294 3474 Fas
281 3419 387 3491 usp
412 3416 474 3472 322
499 3408 549 3489 M
574 3414 637 3473 474
664 3409 782 3473 Thcwr.
809 3414 970 3473 ”Saturnia
993 3413 1100 3472 ltalia''
1126 3434 1220 3490 —p.
1246 3415 1307 3473 325

144 3499 197 3577 M,
221 3504 284 3563 476
313 3497 430 3562 Thcwr.
458 3508 581 3562 ”uersus
606 3523 724 3581 quoque
748 3502 955 3579 antiquissimi,
979 3503 1088 3579 quibus
1110 3503 1231 3561 Faunus
1247 3504 1310 3561 fata

141 3594 282 3653 cecinisse
305 3593 472 3652 hominibus
494 3591 624 3656 uidetur.
649 3593 781 3652 Saturnii
804 3594 1025 3669 appellantur’'.
1070 3592 1183 3650 Marius
1206 3592 1309 3651 Victor

143 3705 175 3760 p.
214 3682 286 3741 138.
323 3683 362 3740 32
399 3676 437 3738 Κ
467 3685 591 3741 ”uersus
615 3682 662 3741 cui
684 3683 781 3758 prisca
805 3683 885 3758 apud
908 3681 1027 3740 Latium
1051 3684 1132 3740 aetas
1155 3687 1309 3755 tamqnam

143 3773 217 3830 italo
252 3775 282 3829 et
315 3770 470 3847 indigenae
497 3769 636 3830 Saturnio
663 3772 725 3830 siue
747 3771 862 3829 Fannio
885 3789 990 3830 nornen
1014 3770 1125 3828 dedit’'.
1172 3769 1309 3828 Placidus

144 3881 176 3936 p.
202 3861 242 3918 49
268 3854 395 3918 Dcuerl.
420 3879 455 3916 ex
477 3860 690 3919 recentioribus
714 3860 765 3935 qui
790 3861 824 3918 de
847 3859 952 3918 Fauno
975 3865 1006 3918 et
1028 3858 1163 3917 uersibus
1187 3857 1308 3916 Fauniis

143 3950 337 4026 disputarunt
359 3949 477 4008 nomino
501 3948 661 4007 Henricum
684 3948 862 4023 Nettleship,
886 3941 1029 4026 ’Essops’
1052 3968 1081 4024 p.
1107 3947 1158 4006 51.

258 4033 281 4109 ¹)
305 4038 400 4097 Ennio
432 4040 553 4096 auctore
575 4038 621 4095 usi
645 4041 715 4096 sunt
738 4036 839 4096 Cicero
862 4037 959 4096 Varro
982 4036 1115 4102 Verrius,
1140 4034 1310 4094 Ciceronem

140 4127 281 4202 sequitur
315 4125 523 4196 Quintilianus
556 4126 718 4185 Varronem
743 4124 871 4196 Caesius,
896 4124 1031 4184 Caesium
1054 4124 1141 4183 Marii
1163 4123 1309 4183 Victorini

143 4220 261 4275 auctor.
307 4235 324 4273 a
359 4216 491 4274 Varrone
526 4214 694 4274 deriuatum
728 4218 773 4274 est
805 4215 836 4273 id
866 4233 984 4290 quoqne
1008 4215 1087 4289 quod
1111 4212 1181 4271 dicit
1205 4215 1310 4272 auctor

142 4305 215 4366 libri
238 4305 273 4362 de
296 4305 370 4380 orig.
394 4307 475 4380 gent.
499 4323 574 4364 rom.
598 4323 622 4363 c.
648 4304 678 4362 4.

1144 4427 1201 4473 XIV
