<?xml version="1.0" encoding="UTF-8"?>
<!DOCTYPE html PUBLIC "-//W3C//DTD XHTML 1.0 Transitional//EN"
    "http://www.w3.org/TR/xhtml1/DTD/xhtml1-transitional.dtd">
<html xmlns="http://www.w3.org/1999/xhtml" xml:lang="en" lang="en">
 <head>
  <title>
</title>
<meta http-equiv="Content-Type" content="text/html;charset=utf-8" />
  <meta name='ocr-system' content='tesseract 3.04.00' />
  <meta name='ocr-capabilities' content='ocr_page ocr_carea ocr_par ocr_line ocrx_word'/>
</head>
<body>
  <div class='ocr_page' id='page_1' title='image "./versvsitalician00zandgoog_0111.png"; bbox 0 0 2910 4778; ppageno 0'>
   <div class='ocr_carea' id='block_1_1' title="bbox 226 314 911 362">
    <p class='ocr_par' dir='ltr' id='par_1_1' title="bbox 226 314 911 362">
     <span class='ocr_line' id='line_1_1' title="bbox 226 314 911 362; baseline -0.006 0"><span class='ocrx_word' id='word_1_1' title='bbox 226 315 330 362; x_wconf 86' lang='lat' dir='ltr'>XCVIII</span> <span class='ocrx_word' id='word_1_2' title='bbox 705 314 871 361; x_wconf 74' lang='lat' dir='ltr'><strong>Excvnsvs</strong></span> <span class='ocrx_word' id='word_1_3' title='bbox 890 315 911 360; x_wconf 91' lang='grc' dir='ltr'><strong>Ι.</strong></span> 
     </span>
    </p>
   </div>
   <div class='ocr_carea' id='block_1_2' title="bbox 224 487 1404 1729">
    <p class='ocr_par' dir='ltr' id='par_1_2' title="bbox 224 487 1404 1729">
     <span class='ocr_line' id='line_1_2' title="bbox 226 487 1404 572; baseline -0.001 -20"><span class='ocrx_word' id='word_1_4' title='bbox 226 491 267 553; x_wconf 89' lang='lat' dir='ltr'><strong>sit</strong></span> <span class='ocrx_word' id='word_1_5' title='bbox 302 511 357 554; x_wconf 90' lang='lat' dir='ltr'><strong>cur</strong></span> <span class='ocrx_word' id='word_1_6' title='bbox 386 492 531 572; x_wconf 88' lang='lat' dir='ltr'><strong>putemus</strong></span> <span class='ocrx_word' id='word_1_7' title='bbox 555 489 675 572; x_wconf 88' lang='lat' dir='ltr'><strong>priscos</strong></span> <span class='ocrx_word' id='word_1_8' title='bbox 698 487 858 552; x_wconf 83' lang='lat' dir='ltr'><strong>Romanos</strong></span> <span class='ocrx_word' id='word_1_9' title='bbox 882 509 954 551; x_wconf 89' lang='lat' dir='ltr'><strong>cum</strong></span> <span class='ocrx_word' id='word_1_10' title='bbox 977 488 1138 570; x_wconf 84' lang='lat' dir='ltr'><strong>simplices</strong></span> <span class='ocrx_word' id='word_1_11' title='bbox 1162 488 1236 552; x_wconf 88' lang='lat' dir='ltr'><strong>illos</strong></span> <span class='ocrx_word' id='word_1_12' title='bbox 1261 489 1404 572; x_wconf 81' lang='lat' dir='ltr'><strong>patrios·</strong></span> 
     </span>
     <span class='ocr_line' id='line_1_3' title="bbox 226 604 1403 688; baseline -0.001 -20"><span class='ocrx_word' id='word_1_13' title='bbox 226 627 286 688; x_wconf 91' lang='lat' dir='ltr'><strong>que</strong></span> <span class='ocrx_word' id='word_1_14' title='bbox 310 608 486 668; x_wconf 79' lang='lat' dir='ltr'><strong>tractarent</strong></span> <span class='ocrx_word' id='word_1_15' title='bbox 509 626 656 668; x_wconf 90' lang='lat' dir='ltr'><strong>numeros</strong></span> <span class='ocrx_word' id='word_1_16' title='bbox 680 626 718 668; x_wconf 87' lang='lat' dir='ltr'><strong>ea</strong></span> <span class='ocrx_word' id='word_1_17' title='bbox 741 608 806 667; x_wconf 83' lang='lat' dir='ltr'><strong>tani</strong></span> <span class='ocrx_word' id='word_1_18' title='bbox 830 604 935 687; x_wconf 85' lang='lat' dir='ltr'><strong>rigida</strong></span> <span class='ocrx_word' id='word_1_19' title='bbox 958 626 1029 667; x_wconf 88' lang='lat' dir='ltr'><strong>usos</strong></span> <span class='ocrx_word' id='word_1_20' title='bbox 1054 625 1121 667; x_wconf 88' lang='lat' dir='ltr'><strong>esse</strong></span> <span class='ocrx_word' id='word_1_21' title='bbox 1142 604 1323 668; x_wconf 88' lang='lat' dir='ltr'><strong>seueritate</strong></span> <span class='ocrx_word' id='word_1_22' title='bbox 1340 627 1403 688; x_wconf 84' lang='lat' dir='ltr'><strong>qua</strong></span> 
     </span>
     <span class='ocr_line' id='line_1_4' title="bbox 225 719 1400 805; baseline -0.003 -20"><span class='ocrx_word' id='word_1_23' title='bbox 225 721 343 805; x_wconf 85' lang='lat' dir='ltr'><strong>posteri</strong></span> <span class='ocrx_word' id='word_1_24' title='bbox 380 741 486 784; x_wconf 90' lang='lat' dir='ltr'><strong>eorum</strong></span> <span class='ocrx_word' id='word_1_25' title='bbox 520 722 622 782; x_wconf 85' lang='lat' dir='ltr'><strong>metra</strong></span> <span class='ocrx_word' id='word_1_26' title='bbox 651 720 840 802; x_wconf 83' lang='lat' dir='ltr'><strong>graecanica</strong></span> <span class='ocrx_word' id='word_1_27' title='bbox 863 719 980 782; x_wconf 88' lang='lat' dir='ltr'><strong>imitati</strong></span> <span class='ocrx_word' id='word_1_28' title='bbox 1004 722 1078 782; x_wconf 92' lang='lat' dir='ltr'><strong>suut</strong></span> <span class='ocrx_word' id='word_1_29' title='bbox 1101 719 1288 783; x_wconf 86' lang='lat' dir='ltr'><strong>artificiose.</strong></span> <span class='ocrx_word' id='word_1_30' title='bbox 1337 720 1400 784; x_wconf 85' lang='lat' dir='ltr'><strong>ianr</strong></span> 
     </span>
     <span class='ocr_line' id='line_1_5' title="bbox 225 832 1397 919; baseline -0.001 -19"><span class='ocrx_word' id='word_1_31' title='bbox 225 858 301 900; x_wconf 90' lang='lat' dir='ltr'><strong>uero</strong></span> <span class='ocrx_word' id='word_1_32' title='bbox 325 857 395 899; x_wconf 90' lang='lat' dir='ltr'><strong>cum</strong></span> <span class='ocrx_word' id='word_1_33' title='bbox 419 835 532 898; x_wconf 85' lang='lat' dir='ltr'><strong>studiis</strong></span> <span class='ocrx_word' id='word_1_34' title='bbox 556 834 689 898; x_wconf 85' lang='lat' dir='ltr'><strong>aliorum</strong></span> <span class='ocrx_word' id='word_1_35' title='bbox 713 839 780 898; x_wconf 90' lang='lat' dir='ltr'><strong>tum</strong></span> <span class='ocrx_word' id='word_1_36' title='bbox 804 832 941 899; x_wconf 89' lang='lat' dir='ltr'><strong>Useneri</strong></span> <span class='ocrx_word' id='word_1_37' title='bbox 958 834 1158 918; x_wconf 87' lang='lat' dir='ltr'><strong>exploratum</strong></span> <span class='ocrx_word' id='word_1_38' title='bbox 1173 839 1223 898; x_wconf 90' lang='lat' dir='ltr'><strong>est</strong></span> <span class='ocrx_word' id='word_1_39' title='bbox 1240 835 1397 919; x_wconf 84' lang='lat' dir='ltr'><strong>antiquis·</strong></span> 
     </span>
     <span class='ocr_line' id='line_1_6' title="bbox 226 949 1397 1036; baseline 0.002 -21"><span class='ocrx_word' id='word_1_40' title='bbox 226 953 338 1015; x_wconf 87' lang='lat' dir='ltr'><strong>simam</strong></span> <span class='ocrx_word' id='word_1_41' title='bbox 368 950 480 1034; x_wconf 86' lang='lat' dir='ltr'><strong>poesin</strong></span> <span class='ocrx_word' id='word_1_42' title='bbox 504 949 697 1014; x_wconf 80' lang='lat' dir='ltr'><strong>Graecorum</strong></span> <span class='ocrx_word' id='word_1_43' title='bbox 721 952 818 1015; x_wconf 84' lang='lat' dir='ltr'><strong>fuisse</strong></span> <span class='ocrx_word' id='word_1_44' title='bbox 842 950 984 1034; x_wconf 85' lang='lat' dir='ltr'><strong>rhythmi</strong></span> <span class='ocrx_word' id='word_1_45' title='bbox 1001 951 1155 1014; x_wconf 86' lang='lat' dir='ltr'><strong>uarietate</strong></span> <span class='ocrx_word' id='word_1_46' title='bbox 1173 952 1297 1035; x_wconf 74' lang='lat' dir='ltr'><strong>aliqua,</strong></span> <span class='ocrx_word' id='word_1_47' title='bbox 1315 954 1397 1036; x_wconf 90' lang='lat' dir='ltr'><strong>quod</strong></span> 
     </span>
     <span class='ocr_line' id='line_1_7' title="bbox 224 1066 1397 1150; baseline 0.002 -21"><span class='ocrx_word' id='word_1_48' title='bbox 224 1066 331 1130; x_wconf 86' lang='lat' dir='ltr'><strong>theses</strong></span> <span class='ocrx_word' id='word_1_49' title='bbox 354 1067 451 1131; x_wconf 85' lang='lat' dir='ltr'><strong>uariis</strong></span> <span class='ocrx_word' id='word_1_50' title='bbox 474 1066 574 1130; x_wconf 90' lang='lat' dir='ltr'><strong>modis</strong></span> <span class='ocrx_word' id='word_1_51' title='bbox 598 1071 747 1149; x_wconf 85' lang='lat' dir='ltr'><strong>poterant</strong></span> <span class='ocrx_word' id='word_1_52' title='bbox 771 1067 936 1150; x_wconf 86' lang='lat' dir='ltr'><strong>supprimi.</strong></span> <span class='ocrx_word' id='word_1_53' title='bbox 983 1067 1079 1149; x_wconf 73' lang='lat' dir='ltr'><strong>quid?</strong></span> <span class='ocrx_word' id='word_1_54' title='bbox 1108 1088 1180 1130; x_wconf 86' lang='lat' dir='ltr'><strong>curu</strong></span> <span class='ocrx_word' id='word_1_55' title='bbox 1205 1067 1268 1131; x_wconf 88' lang='lat' dir='ltr'><strong>hac</strong></span> <span class='ocrx_word' id='word_1_56' title='bbox 1294 1091 1397 1132; x_wconf 87' lang='lat' dir='ltr'><strong>nonne</strong></span> 
     </span>
     <span class='ocr_line' id='line_1_8' title="bbox 225 1181 1397 1267; baseline 0.001 -21"><span class='ocrx_word' id='word_1_57' title='bbox 225 1184 328 1267; x_wconf 83' lang='lat' dir='ltr'><strong>magis</strong></span> <span class='ocrx_word' id='word_1_58' title='bbox 352 1187 596 1246; x_wconf 86' lang='lat' dir='ltr'><strong>consentaneum</strong></span> <span class='ocrx_word' id='word_1_59' title='bbox 621 1186 669 1245; x_wconf 87' lang='lat' dir='ltr'><strong>est</strong></span> <span class='ocrx_word' id='word_1_60' title='bbox 692 1182 870 1264; x_wconf 81' lang='lat' dir='ltr'><strong>comparari</strong></span> <span class='ocrx_word' id='word_1_61' title='bbox 899 1204 1065 1245; x_wconf 87' lang='lat' dir='ltr'><strong>numerum</strong></span> <span class='ocrx_word' id='word_1_62' title='bbox 1089 1181 1279 1246; x_wconf 84' lang='lat' dir='ltr'><strong>Saturnium</strong></span> <span class='ocrx_word' id='word_1_63' title='bbox 1302 1206 1397 1267; x_wconf 88' lang='lat' dir='ltr'><strong>quam</strong></span> 
     </span>
     <span class='ocr_line' id='line_1_9' title="bbox 226 1298 1396 1381; baseline 0.001 -19"><span class='ocrx_word' id='word_1_64' title='bbox 226 1320 296 1362; x_wconf 91' lang='lat' dir='ltr'><strong>cum</strong></span> <span class='ocrx_word' id='word_1_65' title='bbox 326 1299 435 1361; x_wconf 89' lang='lat' dir='ltr'><strong>metris</strong></span> <span class='ocrx_word' id='word_1_66' title='bbox 459 1299 656 1381; x_wconf 80' lang='lat' dir='ltr'><strong>graecanicis</strong></span> <span class='ocrx_word' id='word_1_67' title='bbox 680 1299 758 1361; x_wconf 91' lang='lat' dir='ltr'><strong>artis</strong></span> <span class='ocrx_word' id='word_1_68' title='bbox 782 1299 969 1362; x_wconf 82' lang='lat' dir='ltr'><strong>seuerioris?</strong></span> <span class='ocrx_word' id='word_1_69' title='bbox 1005 1298 1063 1362; x_wconf 93' lang='lat' dir='ltr'><strong>hoc</strong></span> <span class='ocrx_word' id='word_1_70' title='bbox 1087 1299 1232 1380; x_wconf 84' lang='lat' dir='ltr'><strong>profecto</strong></span> <span class='ocrx_word' id='word_1_71' title='bbox 1257 1301 1396 1363; x_wconf 86' lang='lat' dir='ltr'><strong>maxime</strong></span> 
     </span>
     <span class='ocr_line' id='line_1_10' title="bbox 224 1412 1396 1496; baseline 0.002 -19"><span class='ocrx_word' id='word_1_72' title='bbox 224 1414 356 1477; x_wconf 90' lang='lat' dir='ltr'><strong>interest</strong></span> <span class='ocrx_word' id='word_1_73' title='bbox 391 1414 430 1477; x_wconf 85' lang='lat' dir='ltr'><strong>ad</strong></span> <span class='ocrx_word' id='word_1_74' title='bbox 464 1436 587 1477; x_wconf 88' lang='lat' dir='ltr'><strong>omnem</strong></span> <span class='ocrx_word' id='word_1_75' title='bbox 624 1414 662 1476; x_wconf 90' lang='lat' dir='ltr'><strong>de</strong></span> <span class='ocrx_word' id='word_1_76' title='bbox 697 1435 828 1476; x_wconf 89' lang='lat' dir='ltr'><strong>numero</strong></span> <span class='ocrx_word' id='word_1_77' title='bbox 863 1412 1011 1477; x_wconf 82' lang='lat' dir='ltr'><strong>Saturnio</strong></span> <span class='ocrx_word' id='word_1_78' title='bbox 1033 1415 1265 1496; x_wconf 83' lang='lat' dir='ltr'><strong>quaestionem,</strong></span> <span class='ocrx_word' id='word_1_79' title='bbox 1291 1419 1396 1479; x_wconf 89' lang='lat' dir='ltr'><strong>utrum</strong></span> 
     </span>
     <span class='ocr_line' id='line_1_11' title="bbox 224 1529 1395 1614; baseline 0.001 -21"><span class='ocrx_word' id='word_1_80' title='bbox 224 1530 423 1594; x_wconf 86' lang='lat' dir='ltr'><strong>immemores</strong></span> <span class='ocrx_word' id='word_1_81' title='bbox 457 1530 621 1613; x_wconf 85' lang='lat' dir='ltr'><strong>praecepti</strong></span> <span class='ocrx_word' id='word_1_82' title='bbox 654 1529 740 1593; x_wconf 81' lang='lat' dir='ltr'><strong>iilius</strong></span> <span class='ocrx_word' id='word_1_83' title='bbox 775 1551 836 1612; x_wconf 89' lang='lat' dir='ltr'><strong>quo</strong></span> <span class='ocrx_word' id='word_1_84' title='bbox 871 1530 1017 1593; x_wconf 88' lang='lat' dir='ltr'><strong>iubemur</strong></span> <span class='ocrx_word' id='word_1_85' title='bbox 1044 1529 1149 1592; x_wconf 85' lang='lat' dir='ltr'><strong>metiri</strong></span> <span class='ocrx_word' id='word_1_86' title='bbox 1173 1551 1230 1594; x_wconf 93' lang='lat' dir='ltr'><strong>suo</strong></span> <span class='ocrx_word' id='word_1_87' title='bbox 1255 1531 1395 1614; x_wconf 90' lang='lat' dir='ltr'><strong>quidque</strong></span> 
     </span>
     <span class='ocr_line' id='line_1_12' title="bbox 224 1643 1395 1729; baseline 0.002 -20"><span class='ocrx_word' id='word_1_88' title='bbox 224 1645 351 1709; x_wconf 90' lang='lat' dir='ltr'><strong>modulo</strong></span> <span class='ocrx_word' id='word_1_89' title='bbox 374 1666 411 1708; x_wconf 87' lang='lat' dir='ltr'><strong>ec</strong></span> <span class='ocrx_word' id='word_1_90' title='bbox 434 1645 526 1727; x_wconf 87' lang='lat' dir='ltr'><strong>pede,</strong></span> <span class='ocrx_word' id='word_1_91' title='bbox 550 1667 716 1708; x_wconf 88' lang='lat' dir='ltr'><strong>nnmerum</strong></span> <span class='ocrx_word' id='word_1_92' title='bbox 739 1643 923 1709; x_wconf 84' lang='lat' dir='ltr'><strong>Saturnium</strong></span> <span class='ocrx_word' id='word_1_93' title='bbox 946 1667 1058 1708; x_wconf 84' lang='lat' dir='ltr'><strong>norma</strong></span> <span class='ocrx_word' id='word_1_94' title='bbox 1081 1646 1259 1729; x_wconf 83' lang='lat' dir='ltr'><strong>dirigamus</strong></span> <span class='ocrx_word' id='word_1_95' title='bbox 1281 1647 1395 1711; x_wconf 82' lang='lat' dir='ltr'><strong>aliena.</strong></span> 
     </span>
    </p>
   </div>
   <div class='ocr_carea' id='block_1_3' title="bbox 225 1760 1397 1846">
    <p class='ocr_par' dir='ltr' id='par_1_3' title="bbox 225 1760 1397 1846">
     <span class='ocr_line' id='line_1_13' title="bbox 225 1760 1397 1846; baseline 0.002 -22"><span class='ocrx_word' id='word_1_96' title='bbox 225 1784 266 1824; x_wconf 87' lang='lat' dir='ltr'><strong>an</strong></span> <span class='ocrx_word' id='word_1_97' title='bbox 288 1764 462 1838; x_wconf 66' lang='lat' dir='ltr'><strong>teneamus</strong></span> <span class='ocrx_word' id='word_1_98' title='bbox 486 1761 550 1823; x_wconf 88' lang='lat' dir='ltr'><strong>suis</strong></span> <span class='ocrx_word' id='word_1_99' title='bbox 574 1761 701 1844; x_wconf 87' lang='lat' dir='ltr'><strong>legibus</strong></span> <span class='ocrx_word' id='word_1_100' title='bbox 724 1760 913 1844; x_wconf 84' lang='lat' dir='ltr'><strong>rhythmicis</strong></span> <span class='ocrx_word' id='word_1_101' title='bbox 936 1761 1126 1843; x_wconf 84' lang='lat' dir='ltr'><strong>quibusdam</strong></span> <span class='ocrx_word' id='word_1_102' title='bbox 1149 1761 1295 1843; x_wconf 84' lang='lat' dir='ltr'><strong>paruisse</strong></span> <span class='ocrx_word' id='word_1_103' title='bbox 1314 1763 1397 1846; x_wconf 89' lang='lat' dir='ltr'><strong>apud</strong></span> 
     </span>
    </p>
   </div>
   <div class='ocr_carea' id='block_1_4' title="bbox 224 1875 1399 2654">
    <p class='ocr_par' dir='ltr' id='par_1_4' title="bbox 224 1875 1399 2654">
     <span class='ocr_line' id='line_1_14' title="bbox 225 1875 1396 1960; baseline 0.003 -20"><span class='ocrx_word' id='word_1_104' title='bbox 225 1875 361 1941; x_wconf 79' lang='lat' dir='ltr'><strong>Graecos</strong></span> <span class='ocrx_word' id='word_1_105' title='bbox 406 1879 438 1939; x_wconf 91' lang='lat' dir='ltr'><strong>et</strong></span> <span class='ocrx_word' id='word_1_106' title='bbox 482 1875 641 1939; x_wconf 82' lang='lat' dir='ltr'><strong>Romanos</strong></span> <span class='ocrx_word' id='word_1_107' title='bbox 686 1876 795 1958; x_wconf 88' lang='lat' dir='ltr'><strong>poesin</strong></span> <span class='ocrx_word' id='word_1_108' title='bbox 833 1876 1018 1959; x_wconf 80' lang='lat' dir='ltr'><strong>popularem</strong></span> <span class='ocrx_word' id='word_1_109' title='bbox 1057 1881 1089 1940; x_wconf 91' lang='lat' dir='ltr'><strong>et</strong></span> <span class='ocrx_word' id='word_1_110' title='bbox 1127 1877 1396 1960; x_wconf 77' lang='lat' dir='ltr'><strong>antiquissimam.</strong></span> 
     </span>
     <span class='ocr_line' id='line_1_15' title="bbox 225 1992 1397 2076; baseline 0.003 -21"><span class='ocrx_word' id='word_1_111' title='bbox 225 1992 439 2074; x_wconf 77' lang='lat' dir='ltr'><strong>quamobrem,</strong></span> <span class='ocrx_word' id='word_1_112' title='bbox 475 2013 666 2074; x_wconf 86' lang='lat' dir='ltr'><strong>quamquam</strong></span> <span class='ocrx_word' id='word_1_113' title='bbox 701 1992 847 2074; x_wconf 86' lang='lat' dir='ltr'><strong>prosodia</strong></span> <span class='ocrx_word' id='word_1_114' title='bbox 881 1993 1005 2055; x_wconf 90' lang='lat' dir='ltr'><strong>numeri</strong></span> <span class='ocrx_word' id='word_1_115' title='bbox 1040 1992 1192 2067; x_wconf 74' lang='lat' dir='ltr'><strong>Saturnii,</strong></span> <span class='ocrx_word' id='word_1_116' title='bbox 1228 1995 1336 2076; x_wconf 81' lang='lat' dir='ltr'><strong>posita</strong></span> <span class='ocrx_word' id='word_1_117' title='bbox 1366 1995 1397 2058; x_wconf 87' lang='lat' dir='ltr'><strong>in</strong></span> 
     </span>
     <span class='ocr_line' id='line_1_16' title="bbox 225 2106 1398 2192; baseline 0.003 -20"><span class='ocrx_word' id='word_1_118' title='bbox 225 2107 442 2172; x_wconf 89' lang='lat' dir='ltr'><strong>communibus</strong></span> <span class='ocrx_word' id='word_1_119' title='bbox 460 2106 585 2190; x_wconf 83' lang='lat' dir='ltr'><strong>legibus</strong></span> <span class='ocrx_word' id='word_1_120' title='bbox 601 2107 699 2189; x_wconf 86' lang='lat' dir='ltr'><strong>prisci</strong></span> <span class='ocrx_word' id='word_1_121' title='bbox 715 2108 868 2170; x_wconf 89' lang='lat' dir='ltr'><strong>sermonis</strong></span> <span class='ocrx_word' id='word_1_122' title='bbox 884 2107 985 2185; x_wconf 75' lang='lat' dir='ltr'><strong>latini,</strong></span> <span class='ocrx_word' id='word_1_123' title='bbox 1003 2109 1181 2192; x_wconf 81' lang='lat' dir='ltr'><strong>generatim</strong></span> <span class='ocrx_word' id='word_1_124' title='bbox 1198 2108 1268 2172; x_wconf 87' lang='lat' dir='ltr'><strong>fere</strong></span> <span class='ocrx_word' id='word_1_125' title='bbox 1285 2111 1398 2175; x_wconf 86' lang='lat' dir='ltr'><strong>eadem</strong></span> 
     </span>
     <span class='ocr_line' id='line_1_17' title="bbox 225 2219 1399 2306; baseline 0.002 -20"><span class='ocrx_word' id='word_1_126' title='bbox 225 2226 274 2286; x_wconf 86' lang='lat' dir='ltr'><strong>est</strong></span> <span class='ocrx_word' id='word_1_127' title='bbox 307 2223 340 2285; x_wconf 93' lang='lat' dir='ltr'><strong>in</strong></span> <span class='ocrx_word' id='word_1_128' title='bbox 375 2243 505 2285; x_wconf 91' lang='lat' dir='ltr'><strong>numero</strong></span> <span class='ocrx_word' id='word_1_129' title='bbox 539 2219 688 2286; x_wconf 82' lang='lat' dir='ltr'><strong>Saturnio</strong></span> <span class='ocrx_word' id='word_1_130' title='bbox 718 2226 811 2305; x_wconf 90' lang='lat' dir='ltr'><strong>atque</strong></span> <span class='ocrx_word' id='word_1_131' title='bbox 842 2223 875 2285; x_wconf 91' lang='lat' dir='ltr'><strong>in</strong></span> <span class='ocrx_word' id='word_1_132' title='bbox 899 2223 1091 2287; x_wconf 87' lang='lat' dir='ltr'><strong>carminibus</strong></span> <span class='ocrx_word' id='word_1_133' title='bbox 1115 2224 1154 2286; x_wconf 90' lang='lat' dir='ltr'><strong>iis</strong></span> <span class='ocrx_word' id='word_1_134' title='bbox 1177 2246 1260 2306; x_wconf 88' lang='lat' dir='ltr'><strong>quae</strong></span> <span class='ocrx_word' id='word_1_135' title='bbox 1285 2227 1399 2291; x_wconf 87' lang='lat' dir='ltr'><strong>metris</strong></span> 
     </span>
     <span class='ocr_line' id='line_1_18' title="bbox 224 2339 1397 2421; baseline 0.003 -19"><span class='ocrx_word' id='word_1_136' title='bbox 224 2339 310 2402; x_wconf 84' lang='lat' dir='ltr'><strong>facte</strong></span> <span class='ocrx_word' id='word_1_137' title='bbox 344 2341 417 2401; x_wconf 90' lang='lat' dir='ltr'><strong>sunt</strong></span> <span class='ocrx_word' id='word_1_138' title='bbox 447 2339 655 2421; x_wconf 67' lang='lat' dir='ltr'><strong>grammicis,</strong></span> <span class='ocrx_word' id='word_1_139' title='bbox 680 2343 835 2420; x_wconf 83' lang='lat' dir='ltr'><strong>quatenus</strong></span> <span class='ocrx_word' id='word_1_140' title='bbox 859 2342 963 2402; x_wconf 86' lang='lat' dir='ltr'><strong>aetate</strong></span> <span class='ocrx_word' id='word_1_141' title='bbox 987 2343 1061 2401; x_wconf 90' lang='lat' dir='ltr'><strong>sunt</strong></span> <span class='ocrx_word' id='word_1_142' title='bbox 1084 2340 1263 2419; x_wconf 81' lang='lat' dir='ltr'><strong>coniuncta,</strong></span> <span class='ocrx_word' id='word_1_143' title='bbox 1287 2345 1397 2406; x_wconf 89' lang='lat' dir='ltr'><strong>tamen</strong></span> 
     </span>
     <span class='ocr_line' id='line_1_19' title="bbox 224 2453 1397 2540; baseline 0.003 -22"><span class='ocrx_word' id='word_1_144' title='bbox 224 2458 359 2518; x_wconf 89' lang='lat' dir='ltr'><strong>metrum</strong></span> <span class='ocrx_word' id='word_1_145' title='bbox 394 2453 508 2537; x_wconf 87' lang='lat' dir='ltr'><strong>ipsum,</strong></span> <span class='ocrx_word' id='word_1_146' title='bbox 544 2454 692 2536; x_wconf 87' lang='lat' dir='ltr'><strong>quoniam</strong></span> <span class='ocrx_word' id='word_1_147' title='bbox 726 2455 775 2516; x_wconf 89' lang='lat' dir='ltr'><strong>sui</strong></span> <span class='ocrx_word' id='word_1_148' title='bbox 810 2454 937 2538; x_wconf 80' lang='lat' dir='ltr'><strong>generis</strong></span> <span class='ocrx_word' id='word_1_149' title='bbox 962 2460 1018 2531; x_wconf 84' lang='lat' dir='ltr'><strong>est,</strong></span> <span class='ocrx_word' id='word_1_150' title='bbox 1044 2456 1083 2518; x_wconf 87' lang='lat' dir='ltr'><strong>ad</strong></span> <span class='ocrx_word' id='word_1_151' title='bbox 1106 2455 1195 2540; x_wconf 85' lang='lat' dir='ltr'><strong>leges</strong></span> <span class='ocrx_word' id='word_1_152' title='bbox 1219 2460 1397 2523; x_wconf 89' lang='lat' dir='ltr'><strong>metrorum</strong></span> 
     </span>
     <span class='ocr_line' id='line_1_20' title="bbox 224 2569 1164 2654; baseline 0 -21"><span class='ocrx_word' id='word_1_153' title='bbox 224 2569 435 2654; x_wconf 87' lang='lat' dir='ltr'><strong>posteriorum</strong></span> <span class='ocrx_word' id='word_1_154' title='bbox 459 2572 491 2632; x_wconf 88' lang='lat' dir='ltr'><strong>et</strong></span> <span class='ocrx_word' id='word_1_155' title='bbox 513 2569 772 2652; x_wconf 84' lang='lat' dir='ltr'><strong>graecanicorum</strong></span> <span class='ocrx_word' id='word_1_156' title='bbox 796 2570 938 2632; x_wconf 86' lang='lat' dir='ltr'><strong>reuocari</strong></span> <span class='ocrx_word' id='word_1_157' title='bbox 962 2592 1025 2633; x_wconf 89' lang='lat' dir='ltr'><strong>uon</strong></span> <span class='ocrx_word' id='word_1_158' title='bbox 1050 2574 1164 2653; x_wconf 88' lang='lat' dir='ltr'><strong>potest.</strong></span> 
     </span>
    </p>
   </div>
   <div class='ocr_carea' id='block_1_5' title="bbox 0 0 1460 4778">
    <p class='ocr_par' dir='ltr' id='par_1_5' title="bbox 0 0 1460 4778">
     <span class='ocr_line' id='line_1_21' title="bbox 0 0 1460 4778; baseline 0 0"><span class='ocrx_word' id='word_1_159' title='bbox 0 0 1460 4778; x_wconf 95' lang='lat' dir='ltr'><strong> </strong></span> 
     </span>
    </p>
   </div>
  </div>
 </body>
</html>
