2910 4778
630 336 834 385 scuranum.
1271 311 1317 386 13
1384 390 1387 394 Α

174 489 176 492 ’
250 489 308 551 Sed
329 494 428 568 potest
450 490 582 567 inquit
604 511 673 567 pars
697 510 758 550 esse
781 491 942 568 prouerbii,
966 495 1004 549 ut
1029 492 1157 550 addatur
1178 491 1221 550 illi
1237 493 1318 550 bos:

141 580 223 640 ‘Non
247 584 392 651 nostrum,
416 572 564 656 inquit,
589 599 674 650 onus,
700 581 782 650 bos,
808 581 942 640 clitellas'
967 575 1048 655 (scil.
1073 580 1159 648 ferol.

252 669 332 728 Illud
356 672 457 728 autem
481 688 538 728 non
562 669 627 727 ueri
650 668 744 728 simile
768 669 848 745 quod
872 670 951 746 apud
968 668 1185 740 Quintilianum
1200 687 1320 745 prouer-

141 759 226 818 bium
261 776 319 817 non
348 758 500 835 integrum
524 762 638 816 exstare
661 762 772 834 putant
795 757 830 819 Ο.
854 757 975 818 Crusius
998 779 1038 818 m.
1062 759 1108 816 rh.
1133 758 1230 817 XLIV
1255 760 1318 818 460

140 852 172 906 et
197 846 265 905 ''P’'
290 846 355 905 ΨΑ
380 847 427 906 111
452 848 505 906 60.
550 847 574 906 is
597 847 766 923 prouerbio,
791 848 877 922 quasi
893 848 919 905 ei
935 848 1047 924 aliquid
1064 848 1148 916 desit,
1165 849 1220 907 hoc
1237 847 1319 907 addit

137 936 398 1013 supplementum:
426 935 533 995 ”’Non
555 939 689 994 nostrum
715 941 810 1007 onus',
834 936 932 1012 inquit
954 937 1007 995 bos
1038 930 1198 1013 [ferensy
1227 936 1318 995 clitel-

140 1026 223 1084 las'’.
269 1045 337 1082 nam
373 1025 480 1083 iniuria
517 1055 557 1065 —
590 1025 670 1100 quod
692 1028 794 1085 monet
817 1024 888 1084 Otto
912 1025 979 1083 ΨΑ
1002 1025 1046 1084 VI
1071 1026 1089 1082 9
1113 1044 1157 1100 sq.
1183 1026 1250 1083 adn.
1279 1061 1313 1070 --

142 1113 338 1173 confunditur
372 1114 525 1191 prouerbii
547 1114 678 1173 uarietas
702 1133 769 1174 cum
794 1115 933 1175 distincta
956 1114 995 1175 sit
1018 1114 1159 1174 memoria
1183 1112 1318 1190 antiquo·

138 1223 221 1263 rum.
268 1205 298 1261 et
331 1206 484 1263 structura
517 1201 680 1261 uerborum
716 1202 783 1261 talis
807 1205 852 1262 est
874 1202 963 1262 ualde
986 1194 1132 1279 suspecta.
1180 1222 1258 1270 nam,
1282 1208 1342 1268 ut!

142 1311 203 1351 non
232 1291 326 1351 dicam
350 1291 464 1368 ellipsin
489 1292 675 1351 durissimam
699 1292 848 1367 participii
873 1293 1001 1363 'ferens’,
1024 1295 1093 1368 post
1114 1293 1242 1353 uerbum
1267 1292 1317 1350 ’in-

139 1380 220 1456 quit'
243 1381 435 1457 participium
458 1380 484 1439 ei
508 1381 680 1439 adiunctum
704 1381 775 1457 poni
798 1400 857 1439 non
880 1383 964 1450 solet,
989 1381 1044 1440 nisi
1069 1381 1140 1456 quid
1164 1384 1209 1440 est
1229 1382 1317 1440 inter·

143 1470 265 1528 iactum.
312 1469 414 1545 itaque
448 1469 519 1528 licet
554 1469 665 1528 dicere:
698 1463 748 1527 los
769 1463 874 1545 ferens
897 1465 1036 1541 clitellae,
1061 1466 1133 1527 'aere
1157 1463 1317 1546 nostrum’,

145 1554 259 1637 inquit,
293 1553 390 1616 ’onus’
416 1563 446 1616 et
467 1552 573 1634 fereae
595 1553 735 1633 clitellae,
759 1552 832 1617 'aon
855 1561 996 1617 noctram
1020 1552 1118 1632 oaus',
1143 1554 1245 1638 lnquit
1268 1553 1320 1616 boa

144 1650 186 1718 et,
224 1648 304 1723 quod
331 1647 428 1706 rarius
451 1648 494 1717 fit,
520 1648 555 1705 de
579 1667 639 1722 qua
661 1667 693 1705 re
716 1646 924 1707 Petschenicus
948 1647 1015 1705 ΨΑ
1038 1648 1066 1705 V
1091 1648 1153 1706 576
1178 1666 1232 1723 sq„
1257 1642 1318 1721 boo,

144 1730 221 1794 ’uon
244 1731 406 1810 nostram',
430 1732 541 1815 inquit,
567 1731 676 1803 ’oratos'¹
699 1730 804 1812 fereae
818 1731 978 1812 clitellam·
1001 1740 1033 1795 at
1055 1756 1114 1796 non
1136 1737 1207 1795 licet
1222 1737 1318 1796 dicere

141 1825 196 1893 sic,
221 1829 257 1883 ut
279 1826 387 1884 uolunt
410 1825 468 1883 uiri
491 1825 534 1883 illi
558 1825 637 1884 docti
660 1844 734 1900 quos
759 1825 832 1884 dixi:
857 1819 960 1883 ”bron
981 1827 1124 1884 acetrum
1147 1819 1245 1900 ortua,
1269 1823 1319 1883 ia·
1429 1862 1431 1869 ›

141 1909 212 1993 quit
239 1907 290 1971 bos
311 1908 416 1990 ferens
440 1909 602 1972 clitellos''.
631 1949 666 1957 -
693 1918 843 1990 postremo
867 1916 947 1990 quod
972 1914 1093 1974 Orosius
1116 1916 1136 1973 l.
1162 1933 1187 1973 e.
1211 1934 1319 1992 gracco

142 2003 223 2062 fonti
245 2003 300 2062 hoc
324 2003 518 2078 prouerbium
541 2003 690 2073 attribuit,
715 2004 745 2061 id
768 2018 827 2062 non
851 2004 1063 2080 comprobatur
1086 2023 1121 2064 eo
1144 2005 1224 2081 quod
1240 2004 1318 2062 idem

140 2093 204 2150 fere
239 2096 284 2151 est
319 2093 398 2169 apud
433 2111 572 2167 graecum
607 2092 754 2168 quendam
789 2093 895 2152 aetatis
918 2094 1035 2152 infimae
1059 2097 1220 2152 auctorem.
1267 2112 1317 2169 po·

140 2180 204 2239 tuit
227 2181 304 2239 enim
328 2182 472 2258 apologus
496 2181 545 2240 ille
568 2181 709 2240 Romanis
732 2200 798 2240 curn
824 2180 943 2241 Graecis
967 2202 1028 2241 esse
1052 2182 1217 2259 antiquitus
1242 2200 1318 2241 com-

140 2269 251 2329 munia.
297 2269 372 2328 illud
402 2290 475 2329 uero
497 2271 584 2346 plane
608 2270 778 2329 incredibile
802 2271 882 2346 quod
906 2271 976 2330 dicit
1000 2270 1121 2330 Orosius
1144 2290 1202 2329 non
1225 2290 1318 2347 popu·

140 2360 205 2417 lare
239 2358 313 2417 illud
347 2359 540 2434 prouerbium
574 2359 775 2418 Romanorum
801 2381 818 2417 a
841 2359 1023 2430 Quintiliano
1047 2360 1154 2430 efferri,
1179 2360 1232 2418 sed
1257 2378 1318 2418 esse

140 2451 261 2524 partem
284 2467 390 2508 uersus
413 2452 517 2525 poetae
540 2449 635 2517 latini,
660 2467 748 2524 quem
771 2468 879 2525 graeca
901 2450 994 2508 uerba
1017 2450 1060 2507 ita
1082 2449 1174 2511 latine
1198 2467 1261 2507 esse
1277 2448 1318 2505 in-

141 2540 353 2612 terpretatum.
400 2557 476 2612 quae
499 2538 645 2596 sententia
669 2537 815 2596 refellitur
838 2557 872 2597 eo
889 2539 968 2613 quod
985 2538 1185 2608 Quintilianus
1201 2556 1235 2596 eo
1251 2539 1318 2596 loco

141 2621 309 2703 παροιμίας
343 2626 460 2684 nomine
494 2626 600 2696 ut'tur,
637 2629 667 2684 et
700 2644 793 2702 genus
829 2628 979 2702 quoddam
1010 2626 1165 2702 prouerbii
1185 2626 1318 2685 breuiter

139 2714 301 2791 signifieat.
347 2715 403 2773 nisi
437 2716 513 2774 forte
547 2715 652 2774 rustici
682 2712 808 2774 Romani
830 2715 990 2790 prouerbio
1014 2736 1032 2773 a
1054 2716 1137 2774 libris
1160 2720 1317 2792 poetarum
1422 2782 1425 2789 Δ

140 2803 269 2862 maxime
303 2805 461 2862 sumebant
494 2808 524 2862 et
557 2824 615 2863 non
650 2808 813 2879 potuerunt
847 2805 909 2862 sine
943 2804 1049 2863 litteris
1074 2804 1186 2879 aliquid
1210 2807 1316 2881 argute

141 2892 241 2952 dicere
264 2894 426 2952 uernacula
448 2893 602 2969 supientia.
