2910 4778
587 1137 741 1210 onPVT
771 1138 870 1209 VIII.

569 1307 629 1387 De
657 1307 894 1388 sententiis.

252 1496 367 1562 Graeci
401 1521 420 1561 a
454 1498 579 1583 graecis
614 1498 832 1583 grammaticis
861 1499 1005 1582 congesti
1028 1502 1155 1562 exstant
1179 1498 1314 1563 thesauri

144 1613 396 1697 prouerbiorum,
419 1612 511 1677 latini
537 1637 556 1676 a
579 1614 687 1677 latinis
710 1614 789 1677 nulli
808 1615 842 1691 ¹).
878 1636 942 1698 qus
965 1636 999 1677 re
1031 1615 1188 1678 memoria
1205 1615 1316 1679 latino·

145 1750 216 1792 rum
251 1733 299 1792 est
332 1751 410 1812 prae
445 1730 570 1814 graecis
606 1729 708 1807 exilis,
744 1731 933 1813 praesertim
965 1751 1034 1793 curu
1061 1730 1315 1815 elegantissimus

145 1845 279 1928 quisque
302 1843 492 1926 scriptorum
515 1867 718 1908 romanorum
742 1882 783 1889 —
807 1845 834 1908 si
851 1869 869 1908 a
885 1846 1013 1910 comicis
1030 1846 1227 1925 discesseris,
1243 1870 1318 1931 quo·

145 1982 214 2023 rum
251 1961 421 2043 prouerbio
455 1961 496 2023 ad
520 1961 552 2024 id
576 1961 659 2044 quod
683 1961 865 2044 quaerimus
888 1962 968 2024 nulli
991 1961 1058 2025 fere
1084 1965 1160 2025 sunt
1182 1963 1256 2027 usui
1279 1999 1315 2008 —

146 2077 187 2139 ab
223 2075 411 2158 usurpandis
435 2076 613 2159 prouerbiis
637 2077 764 2140 rusticis
788 2077 926 2140 maxime
951 2076 1165 2143 abhorruerit.
1211 2079 1315 2164 itaque

94 2249 97 2256 ,
145 2213 276 2274 perraro
313 2213 350 2254 ea
384 2191 527 2255 inuenias
555 2192 588 2254 in
611 2191 751 2256 historiis
775 2196 904 2275 praeter
927 2192 1133 2257 Ammianum
1157 2193 1316 2259 Marcelli·

146 2329 233 2385 num,
269 2329 400 2389 perraro
435 2308 469 2371 in
503 2307 709 2372 orationibus
756 2308 852 2390 paulo
879 2309 972 2391 plura
995 2309 1143 2374 inlibris
1167 2309 1321 2376 Varronis

146 2426 178 2488 et
213 2422 373 2487 Ciceronis
409 2426 442 2486 et
476 2422 664 2498 Quintiliani
700 2427 732 2487 et
766 2424 903 2487 maxime
927 2424 1075 2489 Senecae.
1123 2426 1317 2491 uberrimam

144 2561 221 2603 uero
245 2539 368 2621 copiam
393 2539 635 2621 prouerbiorum
658 2542 691 2602 et
714 2562 822 2604 eorum
838 2539 1029 2623 optimorum
1046 2541 1231 2624 posteritati
1248 2564 1316 2626 pro·

145 2656 225 2719 didit
248 2653 415 2718 Petronius
439 2655 595 2739 imprimis
620 2655 652 2717 iu
676 2677 713 2719 ea
737 2656 842 2738 operis
866 2659 957 2739 parte
970 2678 1037 2739 qua‘
1049 2655 1315 2722 Trimalchionem

145 2775 177 2835 et
199 2771 376 2853 municipes
400 2771 553 2853 quosdam
577 2770 644 2834 eius
668 2771 746 2834 facit
770 2770 976 2836 conuiuantes
996 2775 1091 2855 atque
1108 2773 1318 2838 confabulan-

144 2890 203 2950 tes.
250 2889 364 2970 poetae
389 2904 471 2950 ¹cum
501 2886 556 2949 alii
579 2889 648 2949 tum
672 2888 783 2950 comici
807 2886 892 2951 haud
916 2909 1017 2971 pauca
1040 2886 1163 2951 habent
1185 2911 1319 2972 prouera

145 3003 208 3081 bia,
244 3003 299 3065 sed
330 3024 367 3065 ea
390 3002 546 3065 incertum
571 3007 619 3065 est
642 3003 768 3085 saepius
792 3006 898 3067 utrum
922 3003 1049 3088 integra
1073 3004 1137 3066 sint
1161 3027 1202 3068 an
1227 3004 1312 3068 metri

145 3140 241 3182 causa
264 3121 397 3183 mutata.
443 3119 499 3182 sed
521 3123 557 3182 ut
580 3120 763 3182 reconditae
787 3119 854 3182 fere
878 3122 952 3183 sunt
976 3119 1085 3202 copiae
1102 3120 1224 3183 latinae
1247 3143 1314 3205 pro·

144 3234 338 3312 uerbiorum,
361 3235 407 3298 ita
430 3235 580 3317 quoniam
603 3257 664 3298 nou
688 3257 745 3318 per
768 3235 1049 3319 grammaticorum
1068 3235 1189 3300 riuulos
1205 3237 1263 3301 sed
1277 3237 1312 3300 ab

144 3350 222 3434 ipsis
257 3351 397 3415 fontibus
421 3351 611 3433 scriptorum
636 3373 745 3414 eorum
769 3350 985 3436 cognitionem
1008 3351 1157 3435 petimus
1183 3374 1224 3417 ea
1245 3352 1311 3417 inda

144 3466 320 3550 percipitur
355 3465 487 3545 utililas,
523 3467 604 3548 quod
642 3466 704 3548 ipsi
739 3466 765 3529 si
789 3488 851 3530 non
874 3488 1009 3550 semper,
1034 3469 1067 3529 at
1090 3488 1186 3550 saepe
1211 3471 1309 3531 tamen

144 3582 249 3666 magis
284 3583 442 3645 cernimus
477 3582 614 3665 primum
645 3604 726 3664 quae
751 3583 814 3645 sint
837 3603 914 3646 uera
936 3582 1116 3665 prouerbia‚
1142 3583 1267 3663 deinde,
1287 3581 1310 3645 si

258 3761 282 3843 ¹)
299 3765 378 3824 Nam
395 3770 538 3842 quantam
556 3765 669 3842 copiam
687 3766 900 3841 conquisiuerit
916 3765 1073 3824 Sinnius
1091 3765 1249 3842 Capito,
1265 3766 1309 3842 qui

145 3856 271 3914 maxime
299 3855 516 3914 commentariis
539 3855 687 3913 Plautinis
710 3855 831 3913 uidetur
854 3875 925 3914 usus
949 3874 1010 3914 esse
1034 3855 1190 3915 nescimus.
1239 3860 1311 3915 certe

145 3945 251 4022 exigua
286 3948 316 4002 et
349 3963 452 4020 sparsa
486 3945 542 4003 sub
577 3945 639 4003 eius
671 3944 787 4003 nornine
811 3954 882 4003 sunt
905 3946 985 4020 apud
1008 3944 1140 4002 Festum.
1166 3944 1204 4004 de
1228 3964 1262 4005 eo
1282 3964 1308 4002 u.

145 4032 413 4093 Teuffel-Schwabe
449 4035 522 4092 260.
549 4035 578 4104 33
603 4033 801 4092 Reitzenstein
825 4027 1058 4091 ’Verrioaisclue
1082 4025 1308 4112 Forsclruupar’

143 4142 174 4199 p.
211 4123 262 4187 23.
299 4123 350 4180 88.
397 4123 469 4180 nihil
503 4142 575 4182 uero
609 4122 750 4181 utilitatis
784 4123 952 4197 posteritati
986 4122 1168 4180 redundauit
1197 4124 1230 4182 in
1261 4124 1311 4181 hoo

143 4230 239 4289 genus
262 4231 297 4270 ex
320 4212 426 4272 studiis
450 4212 601 4287 Apulei.
