2910 4778
652 349 792 397 onrssm.
1260 324 1309 395 93

136 514 179 566 31.
218 515 260 568 32.
324 509 522 596 parcentes
552 505 796 597 praemodum
965 549 1009 558 -
1048 502 1130 592 [[Si0
1162 526 1312 596 quoque

987 629 1147 699 fitnmst.

100 799 180 869 ,aa
222 823 270 879 Δο
298 815 332 852 n
362 823 386 851 ο
418 789 561 859 affatim
672 789 732 860 edi
760 788 838 859 bibi
865 788 947 859 lusi.

136 923 180 975 34.
245 937 332 1008 quac
361 913 467 983 redi-bu
497 912 675 1005 qudniam
705 913 832 984 audini
940 913 1095 1005 paucum
1124 916 1168 983 tis
1188 914 1310 1005 ganisi

136 1048 180 1100 35.
246 1039 385 1109 ursana
413 1041 452 1110 ct
480 1037 643 1110 udedrdc
673 1041 712 1110 ct
820 1028 968 1109 malficd
996 1037 1155 1109 uace'rra
1291 1037 1312 1076 ’¹²
1360 1051 1363 1056 '

246 1264 304 1328 31.
352 1267 503 1349 Gellius
539 1270 582 1327 Vl
619 1270 647 1327 7.
686 1270 724 1326 12
751 1269 907 1326 ”Liuius
930 1269 960 1325 in
985 1269 1164 1343 Odyssia:
1195 1303 1228 1311 —
1262 1303 1312 1327 -.

137 1360 273 1427 fortasse,
309 1359 359 1432 qui
394 1377 473 1416 ners.
509 1359 635 1416 conferri
660 1360 764 1426 solent,
790 1373 811 1434 μ
836 1357 897 1415 321
925 1357 992 1427 (τῶν
1017 1350 1050 1412 δὲ
1075 1353 1162 1432 βοῶν)
1188 1348 1310 1434 ἀπεχώ-

137 1444 224 1524 psila
247 1452 300 1504 aut
324 1462 344 1522 μ
369 1448 431 1504 328
458 1443 558 1520 (βοῶν)
583 1438 741 1523 ἀπέχοντο.
762 1442 873 1505 -32.
910 1447 1051 1504 Nonius
1069 1447 1130 1504 475
1150 1446 1312 1504 ”Liuius

140 1536 325 1611 Odyssia:
352 1566 392 1574 —-
419 1541 492 1593 -”.
533 1551 548 1591 ν
572 1536 612 1592 40
637 1529 696 1614 ἤδη
720 1531 777 1610 γὰρ
801 1529 982 1590 τετέλεσται.

246 1620 305 1684 33.
351 1625 493 1683 Paulus
518 1645 558 1682 ex
582 1625 697 1683 Festo
720 1646 750 1701 p.
776 1627 793 1682 8
823 1619 879 1681 Tit.
904 1621 940 1682 dc
965 1617 1014 1693 P.,
1043 1618 1143 1684 llll.
1180 1625 1312 1682 '’Affa-

138 1719 207 1773 tim
235 1749 270 1756 *
302 1747 335 1754 —
364 1714 516 1772 Liuius:
542 1714 708 1772 Affatim
733 1745 773 1752 -
797 1714 894 1772 lusi'’
943 1729 958 1768 0
984 1713 1046 1770 373
1071 1716 1126 1768 τῶν
1151 1705 1262 1793 ἐραγόν
1283 1718 1309 1768 τ’

139 1796 222 1858 ἔπιόν
258 1819 287 1857 τε
323 1799 374 1856 ’ταὶ
400 1792 556 1858 αἰδοῖοτοτν
582 1795 682 1858 ἔδωκα
705 1800 798 1876 (bunc
820 1823 851 1861 u.
876 1803 1003 1861 contulit
1027 1802 1180 1877 Scaliger).
1205 1803 1314 1860 ridicu-

138 1894 202 1950 lum
227 1911 355 1949 errarem
381 1891 474 1949 Liuii!

251 1975 307 2040 34.
353 1981 576 2039 Priscianus
600 1982 615 2040 I
639 1982 713 2039 482.
741 1975 837 2039 1οΗ
857 1981 1005 2058 ”ganisi
1026 2000 1081 2056 pro
1104 1981 1225 2056 gauisus
1248 1999 1313 2037 sum

142 2106 177 2112 -
204 2105 237 2112 --
258 2069 394 2127 Liuius
411 2070 447 2127 in
464 2066 617 2128 Odissia
635 2069 747 2140 (Odisia
765 2066 800 2137 U,
814 2071 947 2146 Odyssia,
962 2069 1070 2146 Odysia
1083 2065 1137 2127 ull.
1151 2065 1188 2146 l.)
1208 2068 1316 2138 :Quu-

137 2160 237 2217 niam
261 2159 393 2215 audiui
417 2160 549 2233 paucis
573 2160 721 2234 gauisi”
748 2158 798 2228 (-
826 2161 942 2217 audiuit
963 2195 996 2201 —
1017 2153 1071 2224 B).
1107 2151 1311 2237 quaeuerbu]

138 2266 248 2323 addidi.
277 2296 314 2302 -
339 2282 470 2340 paucum
493 2258 546 2342 τέ]
570 2261 636 2324 Za:
659 2267 792 2341 paucis
817 2261 890 2323 libri
913 2261 1074 2323 Prisciani
1097 2285 1131 2322 ex
1154 2263 1258 2322 PAVO
1275 2264 1312 2322 IS

139 2377 181 2400 =
195 2373 356 2428 paucum
379 2354 443 2422 iis,
469 2375 537 2411 nam
561 2355 650 2412 ctiam
674 2355 705 2413 is
729 2355 831 2414 datiuo
855 2360 885 2412 et
909 2355 1040 2412 ablatiuu
1065 2373 1134 2412 casu
1157 2353 1316 2429 pluraliter

138 2444 229 2502 scribi
260 2444 399 2518 exemplis
422 2444 579 2502 titulorum
605 2445 783 2502 declaratur.
814 2477 845 2484 .„„
875 2457 896 2498 π
920 2445 960 2500 92
985 2433 1003 2520 ἡ
1029 2436 1114 2519 μάλα
1138 2458 1194 2519 peu
1217 2456 1313 2496 κατα-

141 2525 262 2587 δάπτετ’
288 2522 451 2594 dacbertus
474 2526 560 2612 ’ρίλον
584 2523 667 2611 ἦτορ.
697 2566 730 2574 -
759 2533 1225 2608 paucum=’n0n1nultum’.
1246 2536 1313 2589 ’non

139 2621 241 2690 satis’3
266 2640 344 2678 nnnc
367 2621 480 2678 italian.
505 2622 620 2697 hispan.
646 2640 756 2696 poco,
780 2622 954 2696 francogall.
972 2640 1061 2696 peu3
1079 2619 1213 2678 similiter
1230 2621 1313 2677 nul·

138 2711 232 2779 lum,
270 2711 372 2776 'nihil'‚
408 2710 475 2768 Liu.
508 2712 559 2768 23.
589 2746 622 2752 --
654 2706 710 2768 iis
733 2710 865 2767 iambum
890 2710 978 2768 efficit
1000 2711 1029 2767 b.
1054 2710 1086 2776 l.‚
1110 2711 1146 2766 ut
1169 2709 1198 2766 in
1222 2729 1313 2767 uersu

141 2800 257 2875 tragico
291 2799 378 2855 Ennii
413 2819 461 2873 ap.
498 2798 556 2857 Cic.
589 2800 624 2856 de
648 2799 739 2857 diuin.
765 2799 779 2857 I
803 2800 818 2868 ἓ
845 2800 905 2856 132
933 2792 967 2856 C.
993 2793 1030 2856 F.
1057 2791 1093 2854 G.
1120 2791 1313 2855 lll'uctler:

139 2889 204 2946 275
240 2882 327 2945 Bith.
365 2888 493 2962 ”qulbus
529 2888 648 2946 diuitias
682 2888 860 2964 pdllicentur
895 2889 931 2946 ab
957 2883 1014 2945 iis
1039 2887 1232 2944 drachumam
1255 2886 1318 2962 ipsi

140 2981 280 3052 petunt''.

247 3060 306 3125 35.
352 3066 490 3123 Festus
516 3065 577 3122 570
606 3059 661 3124 Ta.
685 3061 722 3122 de
746 3058 835 3139 Pura,
861 3065 923 3123 375
942 3059 985 3122 ll.
1020 3059 1162 3139 (contuli
1177 3079 1235 3121 rec.
1256 3059 1317 3124 Tb.

139 3149 339 3229 Mommscni)
364 3158 584 3212 '’uacerram
610 3199 616 3212 .
643 3198 648 3210 .
676 3197 683 3211 .
711 3200 717 3211 .
743 3157 773 3211 et
796 3148 838 3229 (u.
864 3160 894 3213 et
923 3148 991 3211 Vnt.
1019 3149 1104 3210 1549
1128 3148 1195 3210 Vnt.
1213 3151 1311 3224 2731,

136 3263 291 3302 uacerram
328 3246 358 3301 et
393 3243 528 3301 Aelius
563 3247 593 3300 at
627 3239 671 3301 ed.
708 3236 771 3310 Pii,
794 3263 824 3300 u.
849 3243 984 3300 Aelius
1009 3247 1038 3299 at
1062 3237 1107 3300 ed.
1138 3236 1255 3315 Ursini,
1279 3263 1312 3301 u.

137 3333 304 3390 Verrius
343 3335 372 3389 et
406 3327 451 3390 cd.
477 3327 662 3410 Arrpustiui)
686 3332 736 3389 alii
760 3333 925 3407 complures
947 3331 1051 3390 uocari
1075 3331 1159 3388 aiunt
1182 3331 1315 3407 stipitem

140 3465 282 3479 .....
308 3439 399 3496 equos
434 3422 548 3479 soleant
582 3421 719 3496 religare.
765 3420 903 3479 Ateius
926 3440 999 3479 uero
1023 3419 1178 3479 Philolo
1204 3464 1210 3477 .
1237 3466 1244 3478 .
1271 3466 1311 3480 ..

136 3530 192 3568 um
216 3510 252 3568 ad
276 3511 352 3581 male
377 3510 532 3568 dicendum
555 3529 680 3586 magnae
705 3509 861 3567 acerbitati
886 3553 1027 3568 .....
1042 3527 1182 3567 uecors
1199 3513 1236 3567 et
1250 3529 1316 3567 ue-

138 3617 254 3656 sanus
289 3602 365 3656 teste
397 3598 525 3658 Liuio.
551 3599 603 3673 qui
627 3599 720 3657 dicit'
722 3641 995 3657 .........
1021 3598 1133 3656 corde
1158 3597 1241 3668 (dicit
1265 3617 1317 3657 ue·

138 3687 226 3746 corde
261 3683 307 3746 cd.
338 3682 406 3745 Ura.
433 3687 511 3745 dicat
533 3706 598 3745 uec.
623 3683 809 3765 Adprlstim')
833 3690 870 3745 et
892 3687 1072 3745 malefica
1097 3686 1233 3757 (malefici
1255 3682 1315 3744 ud-

137 3777 202 3834 ναοί.
239 3771 383 3851 Victorii)
406 3776 641 3846 †uecordia”.
672 3810 705 3818 -
733 3776 877 3834 Paulus
902 3776 961 3835 571
992 3770 1048 3834 Tb.
1074 3771 1110 3833 de
1134 3769 1224 3848 Pon„
1250 3775 1315 3834 374

137 3858 185 3922 M
216 3865 443 3923 ’'Vacerram
473 3866 576 3923 dicunt
598 3864 729 3940 stipitem
753 3866 791 3922 ad
815 3885 903 3940 quem
925 3884 1016 3941 equos
1040 3866 1153 3923 soleant
1176 3865 1310 3939 religare.

138 3953 190 4011 alii
224 3954 327 4012 dicunt
360 3954 550 4012 maledictum
584 3954 639 4012 hoc
673 3954 789 4012 nomine
812 3955 971 4030 significari
992 3973 1118 4025 magnae
1142 3953 1314 4012 acerbitatis

138 4046 175 4100 ut
209 4043 248 4100 sit
280 4061 416 4101 uecors
451 4047 487 4101 at
519 4047 718 4100 uesanus''.
756 4072 796 4081 -
832 4043 941 4101 Versus
971 4043 1089 4100 restitui
1117 4061 1151 4098 ex
1173 4041 1318 4100 uniuersa

137 4132 204 4190 loco
231 4150 289 4190 non
313 4135 376 4189 tam
400 4131 484 4189 Pauli
509 4151 598 4207 quam
622 4131 752 4190 Festino.
791 4152 860 4189 nam
876 4131 1019 4190 assentior
1035 4129 1184 4206 Scaligero
1202 4130 1313 4206 Castig.

138 4240 168 4295 p.
201 4219 308 4279 uuxss
338 4222 385 4279 ed.
410 4219 567 4278 Santandr.
595 4220 689 4278 1593.
714 4221 793 4279 hunc
815 4240 934 4278 uersum
960 4238 1021 4278 esse
1045 4219 1080 4276 de
1104 4218 1234 4294 Odyssea
1258 4219 1316 4278 Ve-

138 4311 212 4367 tere.
237 4311 297 4380 sed,
322 4328 389 4368 cum
413 4308 544 4385 Scaliger
568 4308 741 4367 contulisset
765 4304 782 4383 β
808 4309 869 4366 243
888 4298 1006 4383 Μέντορ
1023 4297 1184 4386 ἀταρτηρέ,
1203 4305 1317 4388 φρένας
