2910 4778
143 308 231 354 chx
594 311 638 356 DE
657 274 861 359 snnrnnrns

140 505 203 566 que
238 483 390 566 pleraque
425 483 503 548 talia
537 487 611 546 sunt
640 488 674 547 ut
697 507 716 548 a
739 483 886 549 Minerua
909 485 1085 563 rusticaet
1108 507 1220 550 crassa
1241 508 1310 570 pro·

143 601 228 663 fecta
263 622 330 664 esse
366 601 544 664 uideantur.
591 599 678 675 Quae
712 601 813 684 igitur
847 603 953 665 esseut
986 601 1155 685 popularis
1189 603 1309 687 generis

141 715 365 799 proprietates,
390 717 578 799 easdemque
595 716 681 779 cerni
705 717 737 779 in
761 717 938 799 prouerbiis
962 715 1156 800 rhythmicis
1180 719 1309 802 quasin

142 831 253 896 solutis
276 832 353 895 satis
378 855 494 918 magna
517 831 735 915 exemplorum
758 832 849 915 copia
872 831 1105 897 demonstrasse
1130 832 1252 899 uideor.

249 1090 432 1155 Proximum
456 1094 504 1156 est
527 1093 562 1153 ut
586 1111 712 1175 genus
737 1090 942 1155 eruditum
965 1090 1059 1174 quale
1076 1091 1120 1155 sit
1137 1091 1308 1157 uideamus.

142 1206 210 1270 eius
233 1207 323 1293 origo
346 1206 473 1290 triplex.
522 1206 691 1288 primum
715 1206 819 1270 enim
843 1207 1065 1290 prouerbia
1089 1208 1308 1292 popularia

141 1322 251 1387 fiunt
279 1344 424 1386 uersus
454 1327 681 1405 poetarum,
711 1323 857 1386 deinde
881 1344 1021 1386 rursus
1044 1344 1194 1387 uersus
1217 1347 1308 1408 poe·

140 1441 270 1501 tarum
294 1439 404 1502 fiunt
426 1437 663 1521 prouerbia‚
687 1442 769 1501 tum
792 1440 885 1502 sunt
908 1438 1020 1502 dicta
1043 1439 1176 1504 multa
1198 1443 1307 1524 sapi·

141 1555 294 1618 entium
328 1553 530 1618 hominum
564 1556 685 1636 atque
722 1554 930 1617 doctorum
963 1577 1039 1618 non
1063 1557 1147 1619 tam
1169 1557 1306 1640 populi

140 1692 211 1733 usn
235 1670 401 1755 cognita
424 1691 539 1752 quam
562 1669 728 1752 prodita
750 1668 873 1733 libris
898 1672 936 1733 et
959 1671 1221 1737 sermonibus
1240 1672 1305 1736 ho·

140 1787 287 1850 minum
311 1786 574 1850 eruditorum.

248 1901 326 1966 Cum
360 1902 461 1986 igitur
494 1901 665 1983 prouerbia
698 1901 867 1984 popularia
895 1902 975 1965 fiunt
998 1923 1110 1966 uersus
1134 1906 1302 1986 poetarum,

140 2018 288 2081 nimirum
325 2018 511 2101 plerumque
535 2038 685 2080 numerus
709 2019 850 2080 mutatur
873 2017 1003 2100 aliquid.
1050 2021 1198 2083 ceterum
1221 2020 1302 2104 origo

140 2134 302 2217 popularis
326 2133 420 2197 facile
445 2133 637 2218 agnoscitur.
650 2132 740 2196 uelut
755 2132 834 2196 illud
850 2155 901 2217 ap.
918 2132 1088 2212 Lucilium,
1106 2135 1199 2198 cuius
1216 2156 1302 2218 supra

140 2250 335 2314 mentionem
359 2249 432 2326 feci,
456 2249 590 2313 fortasse
615 2249 659 2311 sic
684 2249 850 2312 dicebatur
873 2248 1006 2313 usitate:
1031 2248 1100 2312 Hoc
1118 2249 1208 2334 louqe
1223 2249 1302 2314 atiud

140 2374 192 2442 est,
216 2367 320 2450 iuquit
341 2367 395 2449 qui
418 2385 485 2448 cepe
507 2364 640 2428 serebat:
662 2367 784 2427 mutato
807 2364 917 2428 ordine
940 2365 1032 2428 atiud
1050 2365 1138 2449 louqe
1153 2365 1298 2429 Lucilius.

139 2483 216 2546 item
241 2481 319 2545 illud
343 2479 418 2544 Nou
439 2487 598 2544 uestrum:
620 2501 698 2543 onus
721 2479 772 2543 bos
787 2480 917 2543 clitellas
941 2483 1071 2564 apoeta
1094 2482 1235 2564 quodam
1257 2502 1300 2544 co·

140 2599 223 2662 mico
257 2598 303 2661 sio
338 2597 469 2661 dieitur:
504 2595 644 2661 Clitellue
678 2595 748 2659 boui
770 2596 843 2659 suut
866 2597 1044 2679 impositae:
1061 2568 1161 2681 piri—rie
1184 2619 1245 2661 uou
1266 2603 1302 2660 est

141 2715 279 2778 teristrum
313 2733 400 2776 onus.
447 2711 510 2775 alia
533 2711 676 2794 exempla
699 2711 771 2774 dedi
798 2734 829 2794 p.
866 2709 976 2775 CLVI.
1023 2711 1136 2795 Lupus
1158 2720 1204 2776 est
1225 2713 1302 2776 aomo

143 2830 269 2901 domiui,
295 2849 357 2892 uou
379 2829 581 2912 horuuqerou
605 2827 708 2911 quotis
730 2828 771 2889 sit
794 2847 855 2890 uon
878 2825 1092 2890 uouit'Plaut.
1118 2827 1211 2891 Asin.
1236 2827 1300 2902 495,

139 2967 302 3028 graecum.
328 2981 369 2988 -
393 2943 456 3027 Ap.
482 2942 605 3007 Claudii
630 2942 821 3006 sententiam
844 2943 932 3006 illam
958 2943 1009 3007 70.
1036 2945 1051 3005 1
1078 2942 1163 3006 Suae
1184 2945 1302 3028 quisque

139 3061 229 3142 foder
261 3060 409 3142 fortunae
443 3062 538 3142 poeta
572 3058 702 3142 ignotus
727 3081 778 3141 ap.
802 3055 885 3122 Non.
911 3059 985 3122 526.
1010 3058 1052 3121 25
1077 3062 1109 3121 et
1131 3055 1218 3143 Nep.
1241 3058 1300 3121 Au.

142 3178 193 3239 11.
231 3177 249 3239 6
285 3176 390 3239 reddit
424 3175 474 3238 his
509 3174 616 3240 uerbis
651 3174 710 3237 Sui
744 3175 852 3258 cuique
875 3194 973 3236 mores
994 3173 1125 3256 fiuquut
1146 3173 1301 3255 fortunam

139 3291 324 3370 tedmiuitus,
348 3291 433 3354 idern
457 3312 552 3373 prosa
575 3289 715 3354 oratione
740 3287 861 3353 Seneca
884 3311 934 3371 ep.
960 3289 1013 3352 47.
1039 3290 1079 3353 15
1101 3288 1170 3354 Sibi
1185 3292 1302 3374 quisque

139 3407 195 3470 dut
218 3428 325 3484 mores,
349 3407 525 3469 ministeriu
548 3426 639 3468 casus
662 3407 811 3488 assiquut.
838 3439 877 3449 —
904 3403 1111 3468 Prouerbinm
1136 3404 1217 3469 illud
1233 3404 1301 3468 For·

140 3530 183 3585 tes
204 3521 337 3603 fortuna
360 3522 494 3585 adiuuet
516 3519 680 3603 Vergilius
710 3519 792 3584 Aen.
824 3518 855 3582 X
878 3520 943 3582 284
966 3520 1061 3583 metri
1084 3541 1182 3584 causa
1205 3524 1299 3584 muta·

141 3642 208 3701 tum
243 3638 288 3702 sie
323 3638 404 3700 dixit
436 3638 594 3700 Audentes
614 3636 746 3718 fortune
769 3637 869 3716 iuuet,
894 3633 1027 3699 Ouidius
1051 3639 1159 3699 antem
1184 3632 1303 3700 metX

95 3824 98 3832 ,
143 3754 206 3817 586
230 3753 389 3817 Audentes
411 3753 487 3815 deus
509 3755 573 3835 ipse
595 3754 695 3826 iuuat,
721 3754 794 3815 ante
819 3773 871 3816 eos
894 3750 1017 3814 Ennius
1041 3751 1074 3814 in
1098 3751 1235 3834 septimo
1254 3773 1303 3814 an·

140 3869 216 3949 nali,
241 3869 305 3932 262
345 3868 381 3949 V,
406 3867 468 3930 247
494 3867 543 3945 Μ,
568 3866 717 3931 Fortibus
740 3874 784 3930 est
804 3859 937 3948 fortreuu
959 3868 1042 3930 uiris
1064 3867 1150 3932 duta.
1198 3870 1303 3951 poetae

140 3989 246 4048 antem
270 3984 382 4048 comici
405 4005 515 4047 uersus
538 3983 664 4047 uidetur
687 4004 755 4046 esse
780 4005 830 4065 ap.
854 3981 940 4045 Fest.
961 3983 1025 4046 322
1041 3981 1087 4063 M,
1105 3983 1172 4047 472
1191 3982 1304 4046 Theur.

140 4099 239 4163 Sardi
271 4100 405 4182 uenales,
441 4099 544 4181 [cilius
578 4100 640 4161 ulio
662 4097 812 4183 utqouoi·
830 4097 864 4180 ¹),
891 4097 1096 4180 prouerbium
1120 4098 1226 4181 ipsum
1249 4097 1305 4162 fuit

251 4270 275 4350 ¹)
300 4276 389 4334 Deest
413 4275 532 4334 editioni
557 4274 759 4334 scaenicorum
782 4274 1010 4332 Ribbeokianae.
