2910 4778
142 310 206 357 XCV
208 311 220 356 1
318 302 324 311 '
617 308 783 357 Excrasvs
802 308 822 356 Ι.

141 485 315 566 sequuntur
338 503 448 546 uersus
471 481 625 546 Reiziani.
672 481 817 565 discripsi
848 504 908 567 ego
931 485 966 546 ut
988 481 1056 548 Leo
1077 482 1099 547 l.
1127 505 1156 548 c.
1179 505 1214 566 p.
1238 485 1308 563 200,

140 598 199 662 nisi
218 598 284 662 Leo
306 601 482 662 extremum
511 620 638 663 uersum
654 598 724 662 uult
739 619 807 662 esse
822 597 1112 681 penthemimerem
1129 598 1306 664 iambicam.

246 714 334 799 Ergo
368 735 407 777 ne
443 714 527 777 docti
561 713 689 797 quidem
724 717 836 797 poetae
871 735 929 777 neo
960 715 1069 799 graeci
1092 736 1157 779 nec
1181 700 1307 793 romani,

140 830 214 893 dum
250 829 321 893 illos
351 830 527 907 imitantur,
552 851 622 893 eam
646 830 835 893 uarietatem
857 833 1058 913 spreuerunt‚
1081 830 1143 895 sed
1166 830 1307 916 angustia

141 944 455 1029 circumscripserunt
490 945 634 1009 terminis
665 948 697 1009 et
720 946 753 1007 in
775 945 846 1028 ipsa
870 967 907 1009 ea
930 946 1088 1010 uarietate
1114 946 1307 1011 concinnita-

140 1064 206 1124 tem
228 1061 387 1144 quandam
410 1061 510 1124 secuti
535 1063 618 1124 sunt.

247 1176 290 1241 Et
324 1178 386 1260 ipsi
409 1177 506 1260 prisci
530 1176 666 1241 Romani
689 1176 743 1260 qui
767 1176 947 1240 uernaculis
969 1177 1079 1241 metris
1104 1177 1155 1242 usi
1181 1182 1257 1242 sunt
1277 1181 1307 1243 ut

140 1293 173 1355 in
196 1292 255 1356 hac
279 1315 313 1357 re
337 1294 490 1357 maiorem
515 1292 648 1356 fortasse
672 1297 874 1376 sumpserunt
896 1292 1059 1357 licentiam
1082 1293 1130 1357 ita
1153 1316 1221 1359 non
1245 1294 1305 1359 sine

140 1409 247 1492 aliqua
269 1413 338 1472 arte
362 1412 394 1472 et
417 1408 547 1472 oonsilio
576 1429 646 1471 eam
670 1408 893 1472 adhibuerunt.
940 1430 1043 1492 neque
1067 1408 1155 1472 enim
1180 1412 1305 1489 temere,

139 1525 195 1588 sed
230 1524 361 1588 consilio
390 1524 442 1588 uel
465 1524 570 1607 potius
593 1524 740 1587 instituto
763 1525 900 1607 quodam
925 1524 1121 1589 iactum-est
1143 1527 1183 1589 ut
1206 1524 1305 1610 plera·

139 1662 200 1723 que
235 1641 354 1705 maiora
388 1640 495 1724 elogia
519 1661 628 1703 eorum
651 1640 706 1723 qui
729 1637 886 1704 Saturniis
910 1639 1085 1724 composita
1108 1643 1187 1704 aunt
1210 1644 1304 1707 extre·

139 1777 226 1818 mum
249 1777 376 1818 uersum
399 1758 561 1839 tamquam
584 1755 758 1818 clausulam
773 1754 931 1819 habereut
946 1755 1143 1819 trochaicam
1168 1757 1225 1822 uel
1243 1757 1302 1821 sino

140 1870 296 1934 anacrusi.
343 1871 387 1933 sio
423 1870 527 1955 elogia
562 1869 746 1955 Scipionum
779 1871 843 1934 tria
867 1872 1041 1956 composita
1063 1874 1148 1949 sunt,
1176 1873 1224 1937 sic
1246 1873 1301 1938 elo·

140 1988 228 2069 gium
264 1985 365 2049 maius
399 1985 584 2070 paelignum
616 1986 712 2072 (elog.
737 1988 767 2065 2,
792 1988 902 2064 4-6).
948 1987 1051 2050 simile
1075 1991 1125 2051 est
1143 1989 1232 2072 quod
1253 2010 1301 2073 po·

138 2105 258 2165 strema
286 2124 361 2184 pars
385 2102 623 2186 epigrammatis
647 2099 806 2166 Naeuiani
833 2101 947 2187 incipit
969 2125 988 2166 a
1011 2101 1164 2169 trochaeo
1189 2102 1300 2188 (itaque

139 2218 338 2300 postquamst
362 2195 437 2281 Orci
463 2217 528 2297 —).
575 2221 607 2281 et
630 2218 719 2282 colon
742 2217 939 2282 trochaicum
954 2218 1126 2283 iambicam
1141 2219 1300 2302 periodum

139 2332 261 2396 claudit
296 2332 460 2416 Comprec.
497 2331 615 2410 6153
648 2331 782 2410 6113;
818 2333 848 2397 8.
873 2335 908 2410 3;
941 2335 1052 2408 11.3;
1084 2332 1183 2419 Elog.
1210 2336 1248 2400 15
1269 2335 1299 2412 4;

141 2450 194 2512 18.
219 2450 254 2523 3;
279 2447 331 2512 24.
356 2450 391 2525 2;
416 2449 467 2512 29.
494 2450 529 2523 2;
553 2450 605 2512 30.
632 2451 667 2525 2;
692 2450 744 2512 31.
770 2450 799 2512 2.

245 2560 315 2626 Nec
338 2585 413 2627 uero
436 2563 516 2626 illud
540 2563 607 2627 sine
631 2564 738 2648 aliquo
760 2564 891 2629 consilio
915 2565 1036 2628 factum
1060 2568 1162 2629 estut
1178 2569 1211 2630 et
1227 2564 1299 2649 epici

138 2683 254 2763 poetae
277 2678 374 2743 medii
397 2679 468 2742 aeui
491 2678 515 2742 ii
537 2679 592 2762 qui
615 2679 760 2743 uersibus
785 2679 1012 2744 bimembribus
1035 2677 1241 2765 Saturniique
1263 2680 1300 2744 si·

144 2795 273 2860 milibus
296 2795 346 2858 usi
369 2798 452 2874 sunt,
476 2795 564 2858 cuius
587 2796 634 2858 rei
658 2795 803 2879 exempla
826 2796 898 2859 dedi
913 2818 945 2878 p.
961 2791 1034 2860 XCI
1050 2817 1108 2879 sq.‚
1124 2818 1202 2860 nam
1217 2795 1301 2861 ludus

139 2911 179 2974 de
202 2910 402 2974 Antichristo
427 2913 458 2974 et
482 2932 609 2974 carmen
633 2910 671 2973 de
695 2911 924 2975 resurrectione
949 2914 981 2974 et
1004 2911 1042 2974 de
1067 2908 1098 2974 S.
1124 2909 1218 2976 Gallo
1241 2914 1299 2975 tam

140 3027 223 3109 epici
246 3027 373 3111 generis
396 3049 492 3110 quam
514 3026 607 3110 lyrici
630 3026 770 3090 habendi
792 3030 873 3101 sunt,
899 3028 931 3089 et
953 3025 1077 3090 romani
1100 3025 1200 3109 prisci
1226 3026 1302 3110 epici

138 3139 280 3205 Saturnii
304 3141 414 3205 Liuius
438 3145 470 3205 et
492 3139 635 3206 Naeuius
658 3142 803 3206 iambicis
818 3164 929 3206 uersus
944 3141 1120 3206 trochaicus
1136 3142 1301 3207 intersere·

139 3262 219 3320 rent.
266 3257 383 3341 quippe
409 3259 566 3322 cauebant
588 3280 628 3321 ne
653 3258 745 3321 unius
769 3258 853 3321 modi
876 3279 1025 3322 numerus
1048 3256 1185 3322 lectores
1202 3258 1302 3323 affice·

140 3376 189 3436 ret
223 3372 361 3436 fastidio.
387 3409 427 3416 -
453 3374 507 3436 ”at
531 3374 615 3437 enim
639 3372 817 3437 hexametri
841 3372 990 3457 dactylici
1014 3372 1177 3456 epicorum
1200 3394 1302 3438 omnes

140 3490 250 3552 carent
284 3485 461 3552 anacrusi”.
509 3492 542 3552 at
576 3488 754 3552 hexametri
788 3511 850 3552 non
879 3488 972 3553 modo
995 3486 1155 3552 molliores
1179 3491 1304 3554 suntet

138 3605 243 3690 magis
278 3604 440 3668 constricti
464 3604 607 3686 partibus
631 3605 685 3668 sed
710 3604 806 3668 etiam
829 3605 986 3668 uarietate
1010 3602 1169 3683 distincti;
1197 3602 1304 3670 Satur·

138 3720 183 3782 nii
208 3723 367 3784 structura
391 3719 497 3805 rigidi,
529 3721 721 3804 paribusque
746 3719 897 3784 membris
921 3718 1047 3783 concisi.
1093 3717 1304 3785 Terentianus

140 3834 269 3918 quidem
291 3834 422 3899 Maurus
446 3836 532 3899 2514
549 3857 628 3918 sqq„
650 3857 681 3919 p.
698 3835 763 3900 400
786 3834 832 3912 K,
849 3833 1014 3899 Saturnios
1030 3834 1160 3917 scripsit
1176 3835 1305 3922 aliquot

139 3950 163 4013 ii
197 3950 319 4014 scilicet
353 3972 461 4014 omnes
495 3950 642 4015 instructi
666 3954 739 4014 sunt
762 3951 918 4014 anacrusi.
958 3950 1091 4034 quippe;
1115 3948 1307 4017 Terentiano

139 4088 203 4131 non
232 4066 355 4151 cogniti
379 4069 469 4130 erant
492 4064 633 4130 Saturnii
656 4070 784 4150 praeter
807 4067 868 4130 duo
890 4066 993 4129 triaue
1017 4064 1166 4149 exempla
1188 4066 1250 4133 illa
1271 4067 1308 4132 ad

138 4182 280 4247 taedium
314 4183 440 4257 iterata,
476 4205 609 4267 quorum
643 4182 765 4246 nullum
801 4180 947 4246 anacrusi
971 4184 1067 4245 caret.
1114 4203 1217 4265 quaro
1240 4182 1308 4263 hoc,

139 4298 222 4382 quod
246 4298 310 4376 alii,
335 4298 438 4378 credo,
463 4297 654 4362 Terentiano
677 4318 818 4361 summae
843 4298 919 4361 dant
939 4297 1035 4376 laudi,
1056 4297 1090 4360 id
1107 4318 1169 4382 ego
1185 4298 1218 4363 ei
1233 4300 1312 4365 uitio
