2934 4778
705 315 908 366 staremus.

306 1144 341 1215 ⁴2.
397 1134 643 1236 Praecepta
671 1157 783 1237 quac
812 1135 890 1217 sub
919 1137 1052 1218 certis
1081 1143 1313 1220 auctorum

337 1269 579 1350 nominibus
610 1268 811 1351 feruntur
838 1269 1007 1371 praeter
1036 1267 1282 1352 Catoniana.

583 1555 700 1634 Marcii
728 1555 818 1634 uatis
846 1560 1034 1654 praecepta.

260 1837 266 1849 ·
384 1781 605 1858 Postremus
634 1786 705 1872 dic,
734 1785 877 1878 primus
905 1791 1001 1859 tace.
1374 1788 1394 1829 ⁹⁵

243 1992 270 2035 ··
387 1970 446 2044 Ne
473 1971 646 2044 niucuh'rs
674 1962 819 2044 mederi
928 1971 1042 2066 queat
1072 2028 1081 2045 .
1111 2030 1120 2046 .
1151 2030 1160 2046 .
1274 2031 1283 2047 .
1315 2032 1323 2048 .
1354 2032 1362 2049 .

262 2209 268 2222 .
387 2159 564 2243 Quamuis
592 2160 828 2231 mouentium
860 2160 1028 2232 duonum
1056 2166 1274 2254 negumate.
1373 2160 1394 2249 t

329 2342 420 2350 ..φο-
425 2342 482 2348 -..-
489 2343 504 2348 -.
511 2343 588 2349 --....-
597 2344 600 2348 .
609 2343 889 2349 .—-.-.--..--—..-.-
902 2344 992 2350 ...---
1001 2346 1004 2350 .
1027 2344 1374 2353 --.-—-.-·.---—---....—-
1380 2347 1391 2353 -

329 2439 388 2505 69.
414 2454 437 2507 1.
480 2445 656 2504 Isidorus
679 2445 753 2519 orig.
778 2445 821 2503 VI
847 2444 876 2504 7.
903 2445 952 2504 12.
970 2440 1123 2504 eacollat.
1141 2440 1271 2505 Haucti.
1313 2449 1392 2507 ’'Pri-

223 2553 290 2592 mus
315 2538 415 2592 autem
439 2537 597 2610 praecepta
621 2534 700 2610 apud
724 2534 874 2593 Hebraeos
898 2535 1015 2609 Moyses
1031 2535 1158 2611 scripsit.
1176 2537 1255 2612 apud
1272 2536 1392 2597 Latinos

223 2623 391 2681 Marcius
426 2618 566 2699 (Martius
600 2625 747 2702 qrcuttacr
781 2618 926 2681 Praisiai
960 2624 987 2680 ct
1021 2618 1066 2682 ed.
1102 2618 1261 2699 Vulcunii)
1284 2630 1393 2685 uetes

222 2712 366 2788 primus
400 2716 609 2788 praecepta
633 2712 859 2788 composuit.
905 2731 940 2770 ex
963 2712 1072 2787 quibus
1095 2717 1141 2772 est
1163 2714 1253 2773 illud:
1282 2719 1395 2791 'post-

953 2801 968 2833 ὃ

223 2873 347 2913 remus
383 2855 487 2913 dicas
511 2855 655 2930 primus
679 2852 849 2925 tacela]s'
874 2850 968 2928 (taces
993 2848 1071 2913 Par.
1098 2852 1205 2930 7670;
1228 2856 1296 2916 dica
1318 2878 1393 2933 prun

107 2984 110 2991 -
222 2948 241 3000 a
275 2948 388 3002 staceas
425 2937 501 3000 Pur.
539 2939 649 3016 7584).
689 2974 727 2981 -
764 2944 806 3000 ita
841 2945 955 3002 correxi
988 2950 1024 3003 ut
1046 2945 1192 3003 sententia
1215 2964 1277 3004 uno
1301 2965 1394 3022 eoque

224 3034 311 3108 pleno
334 3051 425 3091 uersu
448 3032 659 3097 contineretur,
685 3033 765 3107 quod
787 3033 856 3090 huic
872 3033 972 3108 generi
988 3034 1202 3092 sententiarum
1219 3039 1325 3110 aptum
1341 3041 1395 3095 est.

329 3158 356 3210 2.
398 3148 543 3206 Paulus
571 3167 612 3205 ex
635 3147 749 3207 Festo
767 3165 802 3226 2).
830 3144 893 3206 170¹
916 3142 1054 3227 M=p.
1080 3145 1144 3206 189
1170 3142 1227 3207 Ta,
1251 3145 1290 3208 cle
1315 3143 1394 3210 Pon.

223 3237 441 3312 ”Ningulus
465 3238 573 3295 nullus.
610 3237 777 3295 Marcius
800 3241 929 3296 uates:
956 3257 1062 3296 ne-
1088 3241 1235 3313 queat”.
1264 3269 1304 3278 -
1329 3239 1394 3297 Fe·

224 3330 310 3384 stus
328 3343 363 3404 p.
390 3322 454 3383 177
476 3320 525 3384 M.
574 3325 666 3383 ”Nin
675 3327 788 3402 galus
812 3327 921 3396 nullus
945 3331 981 3385 ut
1003 3326 1116 3385 Ennius
1139 3327 1159 3385 l.
1184 3327 1226 3385 ΙΙ.
1248 3327 1301 3403 qui
1316 3329 1396 3387 ferro

225 3416 360 3473 minitere
384 3419 474 3490 atque
496 3413 628 3473 inte****
652 3415 833 3473 ninculus
857 3415 1000 3474 mederi
1024 3419 1162 3491 queat”
1187 3446 1227 3454 -
1246 3416 1394 3494 corrupta

223 3508 253 3562 et
275 3506 416 3562 lacunosa
441 3504 521 3562 Festi
543 3504 636 3562 uerba
661 3504 711 3578 qui
729 3505 878 3562 emendem
896 3505 1001 3563 nescic.
1034 3506 1169 3563 lacunam
1187 3524 1249 3563 esse
1266 3507 1395 3564 animad·
1443 3538 1459 3550 a

222 3593 314 3651 uertIt
340 3593 538 3668 Augustinus
563 3593 694 3668 expleuit
717 3593 827 3668 optime
850 3593 1057 3661 ReIQhardtius
1081 3614 1149 3651 ann.
1176 3592 1328 3653 CXXXIX
1355 3595 1390 3654 1s
1445 3599 1459 3645 ἑ

224 3713 264 3719 —-
301 3682 434 3741 ”Ennius
469 3683 489 3739 l.
522 3681 551 3740 II
577 3683 637 3756 ’qui
661 3683 740 3739 ferro
764 3681 899 3740 minitere
923 3687 1013 3758 atque
1037 3682 1121 3740 inte
1145 3678 1393 3762 ninquluspuy-
1411 3711 1459 3726 a-

224 3765 294 3847 uct,
320 3774 346 3828 ct
369 3765 517 3828 Marcius
540 3773 626 3828 crues
649 3767 683 3828 in
707 3767 844 3828 carmine
869 3775 913 3829 ’ne
937 3791 966 3829 n.
991 3792 1031 3829 m.
1056 3775 1135 3846 q.”·'.

329 3897 356 3948 3.
397 3886 539 3944 Festus
568 3903 604 3964 p.
639 3880 701 3944 165
732 3880 772 3944 M
782 3902 865 3965 πρ.
892 3881 955 3944 164
983 3880 1039 3944 Tu.
1063 3882 1100 3943 de
1124 3879 1204 3945 Poa.
1249 3887 1410 3963 '’Negu-

222 3980 319 4034 mate
342 3974 378 4032 in
403 3975 571 4034 carmine
596 3975 654 4033 On.
677 3976 796 4034 Marci
812 3976 916 4034 uatis
932 3975 1079 4051 significat
1096 3979 1233 4053 negate,
1252 3995 1319 4035 eum
1335 3976 1374 4034 ait

222 4065 398 4139 quamuis
434 4094 474 4102 --
515 4095 553 4102 -
590 4068 664 4124 -”.
726 4096 766 4103 —
802 4064 975 4124 nouentium
1011 4065 1144 4124 duonum
1188 4058 1375 4123 Buecheleru
1403 4078 1459 4087 -

128 4212 130 4216 .
221 4169 296 4211 aaa.
325 4152 493 4211 LXXXVII
519 4152 592 4211 784.

328 4268 428 4326 Verba
455 4272 606 4344 corrupta,
631 4269 775 4326 sententia
799 4269 925 4328 obscura
948 4274 1001 4327 est.
