2910 4778
542 324 611 371 ear.
631 324 674 370 vr.
695 320 708 380 s
729 325 752 369 6.
1080 298 1233 371 1111111111

37 503 136 576 ,uxor
159 505 259 560 mea?
282 520 341 561 non
365 501 437 560 adiit
460 504 550 577 atque
574 501 684 559 ademit
706 494 797 559 libri:
819 498 896 570 Quid
918 500 994 560 uxor
1016 503 1099 558 mea?
1115 495 1157 558 ciet
1173 519 1232 560 non

64 627 96 633 —
134 583 279 650 Weiciua
303 582 422 666 optime.
449 621 489 629 -
515 589 585 649 cist.
610 590 653 648 IV
679 591 707 648 2.
734 590 763 661 6,
790 588 850 648 507
883 583 1233 660 USieratmeascitt

55 685 123 737 tam
157 681 309 739 socordem
344 698 405 739 esse
429 682 519 755 quem
553 679 608 737 sim
643 672 1233 754 755νὲ;761566666611’56615116181616

56 771 105 826 me
140 772 261 827 soluerit
297 791 348 838 -3
384 768 421 827 cf.
456 767 537 827 Pers.
564 767 625 826 218
651 772 680 825 ni
708 767 827 826 sciero
850 767 932 843 prius
956 770 991 824 ex
1015 772 1043 826 te
1068 771 1103 827 tu
1126 787 1161 826 ex
1184 788 1230 826 me

56 858 222 933 nquuam
256 858 312 916 hoc
347 857 427 932 quod
448 851 563 933 rogitas
593 857 681 926 scies3
710 857 777 914 Mea
809 859 859 914 e'ra
882 857 906 914 si
929 856 1004 915 sciet
1029 887 1067 895 -
1093 850 1232 935 Speppel,

58 940 317 1022 Reformoorschl.
339 963 370 1025 p.
398 941 603 1005 1961111161.
629 946 692 1004 584
718 944 793 1017 (582
824 939 865 1012 U)
889 943 965 1016 †Qui
989 948 1018 1003 te
1041 947 1140 1003 mala
1161 965 1233 1004 crux

57 1036 166 1110 agitat,
201 1036 252 1110 qui
287 1036 324 1094 ad
358 1035 455 1094 istunc
489 1036 610 1094 modum
645 1030 736 1092 libr-t:
770 1028 878 1107 Quid?
906 1037 982 1109 quae
1006 1038 1035 1092 te
1059 1035 1137 1092 mala
1161 1054 1233 1093 crux

56 1119 256 1199 Bitscheliua,
292 1119 376 1197 Quid
399 1118 466 1182 est?
491 1127 567 1199 quae
591 1129 620 1183 te
643 1125 721 1182 mala
745 1143 817 1182 611111
841 1117 1021 1202 Seyffertcm,
1047 1117 1105 1181 Pol
1129 1126 1233 1198 quite

55 1214 138 1271 male
162 1232 234 1272 crux
263 1205 434 1291 Ussinptus.

145 1302 234 1359 'Sine
269 1301 348 1360 iusta
382 1315 471 1360 causa
506 1301 712 1361 Fleckeisenus
736 1300 817 1359 misc.
842 1302 908 1359 orit.
933 1321 962 1376 p.
989 1300 1028 1359 18
1054 1300 1082 1359 A
1104 1301 1147 1359 ita
1167 1319 1233 1377 pro-

57 1392 127 1450 duci
162 1393 192 1449 in
223 1391 351 1449 secunda
376 1391 434 1449 arsi
456 1392 563 1449 horum
587 1391 822 1466 septenariorum
846 1390 1010 1448 existimat:
1036 1390 1144 1448 Pseud.
1170 1391 1234 1449 964
1276 1444 1283 1464 ,

58 1475 289 1556 ”peregrina
323 1479 411 1538 facies
445 1480 597 1538 uidetur'’.
635 1511 675 1518 —-
712 1480 792 1538 Trin.
829 1479 891 1536 852
918 1474 1122 1537 ”Hilurica
1145 1479 1234 1538 facies

56 1571 211 1628 uidetur”.
240 1603 274 1611 -
302 1588 355 1627 nec
377 1568 471 1644 magis
494 1587 569 1644 opus
592 1568 650 1626 fuit
674 1568 781 1627 Bothio
801 1573 993 1643 transponere
1009 1568 1050 1626 sio
1067 1568 1149 1626 Asin.
1170 1568 1231 1627 175

59 1658 163 1717 ”Lena
187 1657 239 1716 ubi
261 1658 336 1715 bene
359 1660 450 1733 agat”
477 1687 528 1728 -,
553 1677 620 1716 cum
644 1657 734 1716 sitin
758 1658 840 1716 libris
865 1650 948 1714 ”nbi
971 1652 1059 1714 lena
1074 1657 1147 1715 bene
1163 1660 1235 1733 agat

60 1779 100 1786 —-
119 1747 200 1823 quod
222 1765 292 1804 uere
315 1750 416 1804 monet
439 1746 564 1805 Mueller
586 1765 665 1822 pros
688 1767 719 1822 p.
745 1748 761 1804 5
788 1750 818 1804 et
845 1745 1036 1803 Stadelmanu
1065 1746 1100 1803 de
1128 1748 1233 1821 quant.

56 1839 113 1895 ult.
150 1857 180 1912 p.
219 1835 268 1892 11.
315 1836 387 1894 item
421 1835 510 1895 Truc.
549 1833 610 1894 703
647 1836 733 1893 ”Mea
769 1829 865 1894 dont
891 1830 1029 1893 1155111656
1054 1837 1234 1911 acceptaque

57 1925 162 1983 habita
186 1943 247 1982 esse
271 1925 350 2000 apud
373 1924 589 1983 Phronesium''
613 1924 734 1982 retineri
756 1943 841 2001 posse
862 1925 959 1994 credo,
976 1924 1057 1999 quod
1072 1943 1131 1983 non
1146 1924 1235 1983 modo

59 2008 230 2082 ’deamque
265 2014 316 2072 sed
351 2014 440 2071 etiam
477 2009 634 2071 'didmata’
670 2013 731 2071 sine
766 2013 977 2089 synecphonesi
1005 2012 1168 2083 dicebatur,
1199 2016 1235 2071 ut

58 2102 216 2161 Terentius
251 2101 361 2161 Heaut.
398 2103 459 2160 825
497 2103 563 2160 ”Ne
587 2121 642 2178 ego
664 2103 752 2161 homo
775 2121 841 2160 sum
864 2103 1050 2161 fortunatus:
1076 2097 1181 2160 dddmo
1204 2105 1249 2160 te'

59 2193 168 2268 Syre’'.
214 2191 348 2250 molliore
385 2192 503 2267 quidem
538 2192 678 2266 rhythmo
705 2192 794 2250 Truc.
822 2190 882 2249 703
908 2192 974 2249 Mea
998 2192 1135 2249 deamata
1159 2192 1235 2250 dona

60 2275 201 2339 Mueller
224 2284 254 2338 et
277 2273 456 2339 Schoellirea

168 2369 273 2444 Neque
297 2368 377 2443 quod
401 2385 435 2425 -c
458 2370 513 2427 hoc
536 2369 565 2426 in
590 2368 712 2427 diaeresi
736 2368 819 2427 etin
843 2387 965 2428 caesura
987 2368 1144 2445 principali
1164 2388 1235 2428 non-

57 2477 225 2533 numquam
259 2458 435 2533 producitur
461 2458 523 2517 ideo
546 2459 713 2534 putandum
737 2458 834 2533 estid
856 2477 910 2534 per
932 2477 963 2516 se
985 2458 1108 2534 longum
1131 2458 1231 2516 fuisse.

55 2553 93 2607 ut
119 2546 245 2605 ablatiui
268 2551 338 2605 sunt
363 2545 428 2605 Gell
451 2547 466 2605 I
483 2547 570 2604 2411.
592 2548 609 2603 2
628 2551 754 2606 ”scaena
771 2547 925 2605 deserta
942 2546 1006 2605 dein
1024 2547 1112 2605 Risus
1128 2546 1231 2605 Ludus

55 2638 237 2710 Iocusque'’,
273 2635 316 2694 ita
350 2635 526 2694 nominatiui
563 2636 590 2693 A
621 2637 792 2712 producunt
814 2635 844 2693 hi
866 2635 938 2695 loci:
963 2635 1045 2693 Pers.
1073 2635 1133 2692 789
1159 2629 1233 2692 libri

59 2725 206 2783 '’Salutto
241 2727 271 2782 et
305 2731 341 2782 tu
374 2725 453 2783 bona
482 2725 638 2784 liberta.
683 2725 832 2784 Dordalus
855 2718 1045 2800 hiquidemst
1068 2724 1140 2800 quin
1162 2724 1231 2783 iribe

58 2815 177 2883 adire”;
200 2813 350 2871 liberta
372 2832 432 2871 non
454 2832 507 2889 per
523 2833 553 2872 se
568 2814 659 2890 longa
675 2817 720 2872 est
733 2813 850 2878 ultima,
867 2814 918 2872 sed
933 2816 1029 2871 metro
1044 2813 1230 2888 producitur,

57 2908 96 2961 ut
122 2902 302 2960 accumbe
326 2902 407 2960 Pers.
433 2901 494 2960 792
514 2901 631 2961 ”Locus
654 2903 701 2960 hio
724 2905 793 2960 tuos
817 2904 870 2968 est,
887 2903 935 2960 hic
951 2903 1133 2960 accumbe
1158 2891 1161 2981 i
1186 2902 1232 2959 fer

57 2995 171 3066 aquam
205 2991 329 3067 pedibus
363 2992 492 3067 praebe'n
522 2995 646 3067 puere'’;
682 2990 722 3049 sio
758 2991 839 3048 Trin.
865 2990 926 3049 837
951 2991 1039 3049 uelit
1065 2981 1067 3070 i
1095 3035 1102 3048 .
1149 2993 1179 3050 65
1200 2991 1232 3049 in

58 3099 186 3140 caesura
204 3080 363 3155 septenarii
388 3080 568 3156 anapaestici
590 3080 698 3139 Pseud.
731 3079 793 3138 948
818 3080 950 3155 lepida
974 3072 1155 3139 Buecheler.
1201 3079 1232 3138 in

58 3188 185 3229 caesura
208 3169 366 3244 septenarii
389 3169 507 3227 iambici
530 3169 608 3227 Men.
636 3169 696 3227 132
714 3169 830 3232 mala,
847 3168 904 3244 Ep.
921 3167 982 3225 371
1001 3171 1103 3238 rata,
1121 3168 1159 3228 cf.
1174 3168 1232 3244 Ep.

59 3259 144 3328 3593
169 3258 259 3316 Mero.
286 3258 348 3316 509
373 3261 403 3316 et
426 3257 618 3316 Stadelmann
641 3258 663 3317 l.
687 3275 712 3316 o.
738 3257 774 3314 ad
799 3257 867 3314 Ter.
890 3257 1018 3332 Adelph.
1044 3257 1105 3314 348
1130 3278 1160 3333 p.
1181 3258 1231 3316 11.

169 3472 333 3538 Postremo
344 3474 418 3537 inde
432 3474 473 3537 ab
490 3477 593 3537 aetate
606 3473 704 3537 Ennii
715 3473 768 3537 uel
781 3495 809 3536 a.
823 3494 853 3536 u.
867 3471 988 3537 DLXX
1004 3476 1119 3537 extra
1141 3495 1233 3536 cae-

59 3612 195 3655 suram
229 3611 305 3653 non
339 3589 450 3652 modo
484 3592 574 3671 post
608 3588 770 3673 longam
792 3588 1086 3672 paenultimam
1109 3586 1140 3651 A
1163 3611 1232 3653 no·

59 3705 256 3771 minatiui
280 3709 319 3768 et
341 3704 574 3768 accusatini
590 3704 1055 3788 numquamproductum
1071 3707 1148 3784 est,
1165 3703 1233 3768 sed

60 3823 187 3887 etiam
226 3820 265 3884 in
307 3819 657 3903 proparoxytonis
696 3841 740 3883 ea
777 3819 996 3902 productio
1035 3819 1233 3883 celeriter

60 3935 282 4002 obsoleuit.
329 3957 410 4018 quae
434 3935 598 4019 productio
621 3936 655 3998 in
678 3935 780 3999 titulis
802 3934 997 4019 aliquamdiu
1013 3934 1150 3999 obtinuit
1165 3934 1232 3998 fere

61 4054 103 4118 ad
138 4052 332 4136 principium
367 4051 486 4115 saeculi
520 4051 658 4135 septimi,
694 4055 728 4115 at
758 4051 792 4114 in
814 4050 904 4115 libris
928 4053 1094 4133 poetarum
1117 4049 1172 4132 qui
1196 4071 1234 4114 ea

61 4171 170 4234 aetate
194 4165 369 4231 floruerunt
392 4167 446 4229 uix
469 4188 567 4230 unum
592 4169 624 4230 et
647 4167 783 4231 alterum
807 4169 910 4230 exstat
935 4165 1114 4249 exemplum
1137 4164 1167 4228 A
1188 4166 1234 4229 ita

60 4281 213 4369 producti
237 4286 327 4346 extra
350 4304 522 4346 caesuram.
