2910 4778
561 321 631 368 GAP.
650 321 721 367 VIII.
1181 322 1237 370 cLI

54 488 147 556 inter
180 493 350 576 prouerbia
386 529 426 537 —
463 498 536 557 sunt
560 497 667 557 autem
691 494 822 559 64—68
847 493 941 558 huius
965 495 1113 558 editionis
1139 499 1237 559 -et

58 609 146 672 inter
179 607 332 692 reliquias
366 598 542 673 carminum
565 631 738 688 sacrorum,
763 609 928 694 (lomprec.
954 613 984 675 5.
1009 613 1039 688 2,
1064 613 1095 689 4,
1122 613 1179 688 14;
1205 612 1236 676 6.

57 727 91 800 6,
118 725 153 800 7;
179 725 209 789 7.
236 727 264 801 1,
290 728 320 801 3,
346 726 380 800 5;
417 727 577 801 8.1-5;
609 726 640 790 9.
665 728 716 804 30,
743 728 796 804 32,
821 728 881 805 35;
913 728 964 791 lo.
991 728 1095 804 1—43
1122 729 1174 793 ll.
1199 728 1235 805 23

59 841 114 904 14.
141 842 170 912 1,
196 843 231 918 23
258 842 315 918 18;
341 840 422 905 Ded.
448 843 484 919 13
509 843 547 920 23
571 845 602 905 4.
627 844 658 919 2,
683 844 788 918 3—8;
814 843 843 906 5.
871 843 973 920 12-63
998 845 1035 920 8;
1061 846 1091 908 9.

169 956 397 1020 Domestici
420 957 554 1041 igitur
577 961 616 1022 et
639 957 780 1022 italici
803 957 1237 1023 habendisunthinu·

58 1072 160 1135 meri
184 1072 516 1155 prouerbiorurn‚
541 1073 574 1137 si
597 1074 710 1138 modo
732 1073 953 1157 populares
977 1078 1070 1139 sunt
1094 1097 1137 1138 ac
1160 1096 1236 1139 non

55 1188 213 1270 sumpti
247 1210 292 1252 ex
327 1189 453 1252 libris
481 1194 695 1272 poetarum
719 1212 853 1254 eorum
880 1191 948 1274 qui
973 1179 1236 1277 graecanicis

58 1303 205 1367 metris
230 1305 293 1367 usi
317 1307 419 1368 sunt.
495 1313 496 1317 ’

166 1419 238 1484 Hoc
272 1420 343 1485 loco
377 1421 504 1485 deducti
539 1444 647 1485 sumus
683 1422 722 1485 ad
746 1422 965 1504 quaestionem
988 1422 1156 1504 lubricam,
1181 1424 1237 1488 sed

58 1536 284 1601 necessariam.

168 1651 221 1730 Et,
257 1653 407 1735 quoniam
435 1656 567 1736 propter
589 1654 636 1717 rei
659 1640 888 1719 obscuritatem
913 1653 994 1718 nihil
1018 1655 1084 1718 fere
1109 1655 1236 1738 profici·
1336 1690 1338 1695 ·

57 1791 129 1831 mus
165 1769 348 1851 quaerendo
371 1791 411 1832 ex
434 1769 550 1852 quibus
574 1769 655 1833 sumi
679 1771 843 1853 potuerint
866 1770 979 1853 poetis,
1003 1770 1083 1834 haec
1107 1770 1237 1854 quidem

58 1888 92 1947 et
115 1890 249 1967 possunt
272 1885 384 1968 quaeri
407 1888 441 1948 et
464 1884 592 1962 debent,
616 1885 766 1969 primum,
794 1885 868 1950 inde
886 1909 904 1949 a
920 1907 983 1969 quo
998 1891 1142 1969 tempore
1160 1907 1237 1970 pro·

56 2001 172 2064 nerbia
195 2022 319 2064 sumere
344 2000 508 2083 potuerint
531 1999 668 2064 Romani
692 2024 711 2064 a
734 2001 879 2064 uersibus
903 2002 1102 2085 graecanicis
1125 2005 1237 2085 poeta·

56 2139 140 2194 rum,
165 2116 278 2179 deinde
302 2139 321 2178 a
345 2116 460 2199 quibus
484 2138 634 2180 uersuum
658 2117 841 2201 generibus.

167 2230 236 2307 Qua
260 2233 361 2317 igitur
384 2235 489 2296 aetate
514 2239 627 2316 coepta
650 2254 720 2296 esse
743 2233 907 2315 potuerint
929 2233 1102 2316 prouerbio
1125 2255 1236 2316 apae·

55 2349 154 2411 matis
190 2348 229 2412 ad
265 2369 381 2432 graeca
417 2349 564 2432 exempla
597 2349 693 2411 factis
728 2349 762 2411 in
789 2371 880 2412 usum
905 2370 1104 2412 communem
1127 2348 1237 2432 populi

51 2464 196 2528 Romani
219 2464 387 2527 transferri
413 2462 506 2528 facile
531 2467 675 2548 apparet.
722 2487 797 2527 nam
820 2463 961 2528 medium
984 2465 1051 2529 t‘ere
1074 2465 1236 2528 saeculum

54 2580 166 2645 uerbis
202 2583 327 2643 sextum
362 2579 454 2643 initia
493 2579 645 2644 Romanis
680 2581 851 2664 prouerbia
884 2580 1015 2663 petendi
1039 2604 1058 2643 a
1081 2580 1236 2643 scaenicis

56 2733 100 2740 —
127 2695 225 2759 ceteri
249 2696 333 2759 enim
357 2699 472 2778 poetae
499 2696 555 2779 qui
578 2697 704 2780 graecis
727 2696 777 2760 usi
800 2699 874 2760 sunt
897 2696 1007 2759 metris
1031 2697 1161 2761 luerunt
1178 2718 1236 2779 po·

50 2811 207 2875 steriores
232 2847 273 2856 —
298 2833 360 2875 non
384 2812 520 2875 multum
545 2816 749 2876 excesserunt
779 2813 801 2894 ).

11 2914 15 2919 ’
166 2926 254 3008 Ergo
278 2906 402 3004 italicis
414 2949 477 2990 non
501 2928 684 3010 graecanici
707 2933 781 2991 sunt
797 2929 921 2991 numeri
938 2926 1177 2991 Sententiarum
1193 2928 1234 2990 41

53 3043 221 3107 Sociorum
245 3043 308 3105 otta
330 3043 411 3105 ritule
432 3043 535 3124 feruet
559 3047 590 3106 et
606 3044 648 3106 40
667 3043 761 3107 Cocta
778 3044 1009 3107 tricare-ratitum
1025 3044 1105 3107 iata.
1153 3065 1236 3126 quae

55 3161 136 3221 nata
171 3179 239 3221 esse
276 3161 348 3221 anto
384 3158 523 3222 medium
560 3181 642 3222 saec.
667 3156 715 3221 VI
740 3159 768 3221 A
793 3159 981 3222 nominatiui
1006 3162 1038 3222 et
1062 3159 1237 3222 accusatiui

55 3277 132 3357 post
165 3273 294 3358 longam
329 3274 561 3357 paenultimam
595 3275 786 3357 productum
824 3275 972 3337 ostendit.
1031 3275 1069 3338 de
1104 3296 1167 3358 qua
1202 3296 1237 3338 re

55 3389 112 3474 egi
136 3412 189 3471 pp.
219 3387 600 3454 cxxvi-cxxxvii

167 3502 237 3568 lam
273 3527 359 3584 uero,
394 3507 421 3569 si
456 3506 639 3589 quaerimus
675 3528 715 3569 ex
750 3507 865 3589 quibus
890 3505 1062 3590 generibus
1086 3527 1236 3569 uersuum

55 3621 320 3706 graecanicorum
351 3622 521 3705 prouerbio
551 3622 584 3685 in
608 3644 700 3685 usum
723 3622 892 3707 uulgarem
916 3621 1094 3705 priscorum
1118 3621 1237 3684 Roma·

57 3739 380 3746 ..-..-—-.-.-———-.-
405 3741 452 3746 -.--
473 3740 536 3746 μ..-
896 3739 1075 3746 --.-..--...,...-
1090 3739 1116 3744 ...
1135 3739 1169 3744 .....
1180 3735 1236 3745 ..—n

173 3781 197 3863 ¹)
221 3788 287 3847 Non
323 3790 452 3847 multum
486 3789 617 3864 pertinet
651 3789 688 3847 ad
722 3788 893 3846 uniuersam
923 3789 999 3846 hanc
1023 3787 1235 3863 quaestionem,

55 3877 83 3937 si
95 3898 191 3935 unum
203 3879 369 3936 alterumue
381 3879 574 3953 prouerbium
591 3899 608 3936 a
624 3877 733 3936 fabulis
751 3876 968 3952 antiquioribus
986 3876 1065 3934 Liuii
1082 3879 1111 3934 et
1127 3875 1237 3934 Naeuii

58 3966 187 4026 Romani
210 3968 336 4026 fortasse
359 3962 430 4026 sunt
453 3968 593 4025 mutuati.
640 3970 676 4025 ut
711 3967 859 4024 senarium
882 3966 968 4024 illum
995 3986 1043 4040 ap.
1072 3964 1138 4022 Sen.
1166 3965 1236 4025 dial.

57 4057 86 4114 X
124 4056 177 4114 17.
214 4056 233 4112 4
258 4050 348 4129 Quod
368 4051 526 4132 fortuitod
547 4051 670 4114 o'tueuit
693 4050 838 4113 instabile
860 4056 904 4112 est
927 4074 986 4114 non
1008 4054 1145 4112 ultimam
1170 4072 1236 4129 pro·

56 4147 170 4204 ducens
195 4145 371 4215 obuenit.‚
396 4147 447 4204 sed
471 4147 486 4202 f
491 4140 674 4205 ortuitod
696 4145 826 4203 ostendit
849 4163 911 4202 esse
927 4144 1150 4219 perantiquum.
1186 4143 1237 4202 sed

58 4229 136 4292 'Sero
160 4229 288 4313 captaret
312 4228 451 4313 Plumea
474 4233 545 4292 Fest
570 4235 632 4292 343
657 4228 703 4309 M,
730 4233 792 4291 510
820 4226 877 4307 Ta,
902 4233 960 4292 Cio.
978 4234 1049 4290 fam.
1068 4231 1126 4289 VII
1146 4231 1183 4289 16
1202 4251 1237 4290 ex

59 4341 139 4399 equo
164 4323 293 4383 Troiano
316 4323 437 4392 Incerti,
456 4342 515 4382 non
532 4323 621 4394 Liuii,
639 4342 707 4382 eum
722 4322 887 4382 Ribbeckio
902 4327 977 4398 puto
994 4324 1148 4396 sumptum
1164 4339 1236 4378 esse.
