2910 4778
415 1283 416 1286 ,
535 1225 690 1298 CAPVT
718 1227 764 1300 X.

106 1378 168 1457 De
197 1377 597 1480 comprecationibus
626 1377 953 1458 dedicationibus
982 1379 1180 1459 sortibus.

171 1567 208 1632 ln
243 1569 506 1652 comprecationis
541 1568 685 1632 formulis
721 1572 753 1632 et
783 1570 1003 1634 obtestationis
1027 1569 1234 1633 sollemnibus

60 1687 184 1770 priscos
220 1683 380 1749 Romanos
415 1707 501 1748 more
526 1707 597 1747 usos
622 1706 690 1748 esse
714 1685 819 1767 patrio
842 1707 899 1748 nec
923 1685 1063 1748 imitatos
1088 1706 1155 1748 esse
1180 1687 1235 1748 aut

62 1803 148 1885 ipsos
184 1805 294 1884 poetas
322 1822 453 1886 graecos
477 1803 532 1863 aut
554 1804 703 1883 poemata
726 1801 898 1864 latinorum
920 1804 1087 1884 poetarum
1110 1801 1235 1886 graecis

60 1918 222 1994 1111111111,
258 1917 336 1980 satis
371 1917 510 1980 ostendit
533 1920 565 1979 et
589 1939 639 1979 res
662 1917 733 1999 ipsa
757 1920 789 1980 et
812 1917 894 1979 ratio
918 1920 1108 1999 temporum.
1154 1915 1235 1980 nihil
1311 1949 1313 1953 ¹

63 2037 112 2098 est
148 2034 232 2096 enim
267 2034 350 2117 quod
386 2033 567 2097 dubitemus
598 2034 675 2116 quin
699 2031 810 2096 Liuius
833 2030 1045 2111 Andronicus¹
1068 2035 1104 2095 ut
1127 2055 1235 2096 omnes

60 2151 274 2228 consentiunt,
297 2150 419 2232 primus
443 2152 610 2231 poetarum
635 2148 804 2212 latinorum
827 2149 924 2213 libros
948 2149 1046 2212 latine
1068 2149 1236 2234 graecani-

58 2267 108 2331 cis
143 2266 254 2329 metris
289 2267 513 2348 composuerit.
559 2266 643 2349 quod
675 2265 813 2347 primum
837 2259 921 2329 asu.
946 2287 973 2328 c.
998 2263 1118 2341 DXIV,
1145 2266 1235 2329 finito

61 2382 149 2446 bello
172 2382 287 2465 punico
310 2382 423 2464 primo,
448 2381 568 2444 factum
599 2403 667 2444 esse
692 2402 764 2444 eum
789 2380 912 2464 antiqui
935 2380 1076 2444 tradunt.
1122 2402 1235 2463 preca-

59 2498 165 2562 tiones
190 2501 293 2560 autem
319 2497 393 2560 illae
418 2477 567 2580 antiquae
604 2518 685 2579 quae
710 2497 768 2559 hoc
790 2496 873 2560 libro
898 2496 1108 2574 continentur,
1129 2497 1235 2559 sinon

61 2635 185 2691 01111111,
221 2617 254 2676 at
273 2599 448 2696 ⁸pleraeque
474 2613 666 2695 compositae
690 2614 764 2675 sunt
787 2615 861 2675 ante
885 2612 1063 2676 Andronici
1087 2615 1235 2676 aetatem.

57 2730 148 2812 quod
172 2728 223 2792 uel
247 2729 431 2792 testimonia
455 2729 656 2812 antiquorum
681 2728 732 2791 uel
756 2750 859 2792 sermo
883 2728 1034 2791 declarat.
1081 2750 1120 2790 ex
1143 2728 1236 2790 testi·

59 2845 177 2908 moniis
213 2845 296 2907 enim
332 2848 477 2907 ueterum
506 2844 706 2928 intellegitur
729 2865 857 2907 carmen
881 2842 1002 2907 Saliare
1027 2847 1059 2907 et
1083 2843 1234 2907 formulas

60 2960 142 3025 belli
165 2959 325 3024 indicendi
350 2962 382 3023 et
405 2982 511 3023 rerum
534 2960 780 3042 repetendarum
804 2963 836 3022 et
867 2960 1046 3024 deuotionis
1063 2960 1235 3039 Decimae,

57 3098 145 3171 quae
170 3080 243 3139 sunt
267 3074 429 3158 Comprec.
455 3076 551 3153 5-8,
576 3075 757 3160 antiquiora
781 3097 848 3139 esse
866 3072 923 3139 Vl.
942 3075 1084 3152 saeeulo;
1110 3097 1150 3138 ex
1166 3097 1235 3138 ser·

60 3213 167 3269 mone,
192 3190 371 3274 antiquiora
395 3212 522 3254 carmen
546 3190 585 3255 fr.
609 3191 779 3254 Arualium
803 3196 835 3255 et
858 3190 1076 3274 precationem
1100 3192 1170 3276 agri
1185 3191 1235 3254 ln-

58 3308 206 3385 strantiS,
244 3306 369 3389 Compi.
406 3308 426 3369 4
462 3310 494 3370 et
530 3308 559 3372 9.
606 3310 639 3370 et
673 3329 712 3371 ne
744 3308 849 3371 cantio
874 3307 1002 3390 quidem
1026 3306 1082 3370 illa
1107 3307 1236 3385 rustica,

62 3423 190 3506 Compi.
216 3424 246 3497 2,
271 3418 380 3486 'Terrii
403 3424 527 3505 pestem
550 3426 657 3487 teneto
678 3424 682 3504 Ι
703 3422 795 3486 Saliis
818 3423 871 3486 hio
890 3424 1026 3486 mane'to'
1044 3425 1234 3505 potestesse

61 3540 136 3622 post
158 3537 190 3601 id
213 3541 339 3622 tempus
363 3539 459 3617 facta,
484 3539 566 3622 quod
591 3538 726 3601 efficitur
750 3560 789 3601 ex
813 3537 934 3602 'Terra'
951 3538 1098 3602 ultimam
1112 3539 1232 3622 produ-

62 3657 165 3732 cente,
182 3676 244 3737 qua
258 3654 295 3717 de
308 3676 342 3717 re
356 3654 489 3718 disserui
499 3676 566 3718 exc.
578 3651 594 3717 Ι
607 3677 638 3738 p.
651 3651 823 3719 LXXVIII
835 3677 880 3739 sq.
906 3654 1003 3747 etiam
1014 3677 1141 3718 carmen
1155 3655 1234 3717 illud

61 3769 250 3852 pontificum
274 3769 428 3833 Kalendis
452 3771 625 3834 calentium
647 3768 768 3850 Nonas
794 3770 920 3855 Compi.
942 3774 970 3850 1,
988 3771 1105 3835 fabulis
1122 3770 1233 3834 Liuia-

59 3884 113 3946 nis
137 3885 299 3969 antiquius
322 3891 380 3950 est.
426 3908 562 3971 namque
586 3887 687 3952 uerba
710 3887 860 3952 calationi
882 3887 1035 3951 solemnia
1051 3884 1145 3949 simul
1163 3907 1234 3948 cum

61 3999 222 4065 calatione
247 4005 402 4084 concepta
426 4007 508 4065 sunt.
555 4005 680 4067 ceterae
705 4004 973 4085 comprecationes
990 4001 1155 4066 uersiculis
1171 4001 1234 4064 illis

63 4117 116 4180 uel
139 4119 224 4181 totae
247 4118 299 4181 uel
323 4140 363 4180 ex
385 4122 477 4201 parte
502 4119 705 4201 compositae,
730 4140 863 4201 quarum
879 4118 1050 4201 pleraeque
1067 4120 1141 4180 sunt
1158 4138 1232 4180 can-

63 4232 166 4297 tiones
182 4224 337 4316 (rusticae,
363 4234 423 4297 etsi
446 4256 508 4317 quo
532 4237 674 4316 tempore
699 4234 763 4296 sint
785 4235 879 4296 natae
904 4233 1030 4297 difficile
1056 4237 1103 4296 est
1120 4234 1235 4312 dicere,
