2910 4778
530 340 731 388 MORTVORVM.

43 649 92 702 12.
312 635 386 709 CIL
412 635 448 707 X
477 637 592 708 4352.
649 634 934 708 STABERIAE·

171 770 215 842 P·
238 769 281 841 L·
302 769 504 842 FLORAE·
528 768 655 883 OSSA·
679 769 804 844 HEIC·
828 769 949 843 SITA·
972 769 1096 843 SVNT

212 894 317 988 Rogo
347 900 386 968 te
414 899 471 965 ml
495 895 622 988 uiator
730 893 810 967 ndli
837 899 894 966 rni'
917 894 1060 968 noce‘re.

51 1121 96 1174 13.
175 1108 248 1181 CIL
276 1108 327 1180 VI
357 1108 471 1181 9583.
503 1108 545 1197 [I.
580 1107 706 1197 1059}
762 1147 814 1185 uu.
854 1126 936 1186 1—5
962 1127 1150 1186 continentur
1174 1146 1222 1186 no-

50 1252 132 1309 mina
156 1233 193 1305 C.
223 1233 349 1305 Hostii
375 1233 564 1328 Pamphili
583 1251 696 1322 medici,
734 1251 785 1327 qui
819 1254 1045 1310 monumentum
1071 1251 1127 1310 sibi
1150 1252 1223 1310 lece·

51 1362 114 1430 rat,
140 1361 170 1416 et
194 1377 296 1416 eorum
320 1359 427 1433 quibus
451 1359 572 1416 fecerat.

163 1481 217 1523 uri.
243 1462 263 1522 6
286 1467 313 1522 et
336 1462 374 1522 7:

55 1573 160 1644 Haec
189 1571 246 1643 est
275 1572 408 1643 domus
436 1572 606 1659 aeterna,
634 1572 695 1644 hic
723 1576 781 1644 est
853 1572 1001 1660 scindas
1030 1572 1111 1644 heis

940 1700 1028 1769 sunt
1056 1695 1171 1785 horti,

55 1837 87 1880 u.
113 1818 144 1879 8·
228 1812 231 1819 ’
294 1820 366 1893 hoc
395 1820 453 1893 e'st
481 1820 772 1894 monumentum
799 1821 985 1894 nostrum.

55 2047 98 2100 14.
368 2034 441 2107 CIL
469 2034 521 2105 VI
550 2036 692 2108 23137.
747 2035 766 2106 I
798 2036 910 2109 1071.

275 2211 314 2284 C·
337 2212 639 2286 NVMITORIVS
666 2213 984 2288 ASOLEPIADES

269 2337 471 2410 MVMMIA
498 2338 540 2410 L·
562 2338 590 2410 L
618 2338 791 2412 ZOSIMA

272 2462 364 2535 Heis
392 2464 481 2535 scint
510 2465 583 2536 duo
613 2463 817 2536 concerdes

273 2587 448 2681 famaque
477 2588 577 2660 bona
606 2587 803 2681 exsitrique

275 2711 437 2784 honesto
466 2711 605 2800 fe'h'ces,

915 2868 1233 2877 ...—

173 2929 229 2995 12.
276 2934 405 3010 Capuae.
452 2935 609 2995 Saturnius
632 2936 677 2994 bis
701 2936 828 3011 scriptus
853 2939 906 2994 est.

172 3037 227 3102 13.
274 3043 395 3100 Rornae.
443 3043 536 3101 descr.
572 3043 769 3102 Bormannus.
816 3042 910 3101 uerba
944 3043 973 3100 in
1007 3041 1106 3118 lapide
1129 3043 1170 3102 sic
1193 3045 1233 3102 di·

59 3132 126 3191 uisa
149 3137 235 3189 sunt:
259 3130 366 3189 HAEC
380 3131 505 3189 —EST
524 3122 527 3211 l
545 3132 707 3190 FVNDVS
721 3164 761 3172 -
775 3130 853 3218 Hoc
872 3120 875 3212 l
893 3131 965 3189 EST
979 3161 1020 3169 —
1032 3129 1233 3191 NOSTRVM.

63 3221 182 3279 MEVM
217 3239 272 3296 pro
306 3219 498 3279 NOSTRVM
534 3219 597 3279 CIL
633 3223 647 3280 I
686 3220 770 3279 1059
805 3221 892 3291 falso,
917 3220 1044 3279 correxit
1067 3219 1168 3279 Borm.
1194 3252 1234 3260 —-

62 3313 129 3369 hic
152 3329 230 3368 nom.
255 3329 300 3384 sg.
323 3309 516 3384 producitur3
540 3310 582 3368 sic
604 3311 663 3368 iam
688 3330 735 3386 ap.
759 3309 907 3369 Lucilium
931 3328 1046 3384 semper
1070 3307 1162 3385 (quod
1186 3312 1235 3370 ob·

62 3398 198 3458 seruauit
232 3398 330 3456 Luchs
375 3415 479 3455 comm.
507 3417 587 3474 pros.
610 3400 734 3476 Erlang.
757 3399 773 3457 Ι
794 3419 824 3474 p.
851 3401 880 3458 9.
907 3397 955 3469 1);
979 3417 1033 3456 nec
1055 3399 1121 3457 ueri
1143 3399 1236 3458 simile

63 3491 109 3547 est
132 3489 211 3546 hunc
235 3487 359 3545 titulum
382 3505 443 3545 esse
467 3487 575 3546 Lucilii
598 3489 777 3548 carminibus
801 3487 1009 3562 antiquiorem.
1057 3507 1238 3564 quamquam

65 3578 126 3635 iam
152 3597 199 3652 ap.
223 3576 353 3633 Ennium
377 3576 442 3633 hic
466 3598 495 3635 n.
519 3596 562 3652 sg.
587 3577 715 3636 inueniri
738 3577 836 3636 Luchs
859 3577 989 3636 ostendit
1011 3578 1031 3635 l.
1056 3595 1081 3635 c.
1106 3580 1136 3636 et
1151 3577 1237 3636 Plau·

64 3671 131 3724 tum
154 3666 260 3724 dixisse
283 3665 413 3723 hIcine
437 3664 480 3736 (et
502 3655 638 3724 hicine
663 3669 692 3724 et
714 3660 850 3725 hicine
872 3661 929 3740 est)
946 3665 1092 3724 Schrader
1107 3666 1143 3724 de
1158 3671 1236 3742 part.

67 3786 106 3795 -·
122 3775 165 3813 ne
199 3775 229 3830 p.
266 3754 304 3812 18
343 3761 373 3812 et
408 3755 460 3814 38.
506 3755 594 3814 Hunc
618 3759 671 3814 aut
694 3755 818 3813 similem
840 3754 964 3812 titulum
987 3755 1237 3830 hendecasyllabis

65 3845 202 3903 imitatus
237 3847 282 3902 est
316 3844 444 3918 scriptor
477 3845 565 3903 huius
593 3845 675 3904 tituli
696 3844 805 3902 urbani
828 3841 892 3901 CIL
916 3843 959 3901 VI
985 3843 1068 3902 9752
1096 3844 1161 3901 '’M·
1183 3844 1238 3902 IV·

65 3932 152 3991 NIO·
176 3933 221 3990 Μ·
243 3933 282 3990 F·
305 3932 398 3991 PAL·
422 3933 527 3992 RVFO
553 3924 834 4013 lSOTERIOHVS·
856 3931 1090 3990 PAEDAGOG·
1110 3931 1238 3991 Fnclr.

67 4022 133 4080 Hie
151 4025 221 4080 sunt
236 4041 349 4097 paruae
372 4024 442 4099 tuae
465 4042 608 4098 meaeque
631 4023 713 4082 sedes
739 4013 742 4102 l
768 4022 840 4080 haec
864 4025 945 4079 certa
968 4025 1013 4079 est
1037 4022 1151 4090 domus,
1168 4023 1241 4080 haec

70 4111 194 4170 colenda
217 4111 301 4169 nobis
329 4100 331 4190 l
357 4112 429 4170 haec
453 4115 498 4169 est
521 4132 608 4187 quem
633 4112 704 4170 mihi
727 4111 870 4170 suscitaui
892 4111 1004 4168 uiuus’'
1029 4104 1112 4185 (sic).

179 4210 235 4277 14.
281 4217 403 4276 Romae.
430 4249 469 4256 -
494 4218 649 4277 Postrema
672 4218 703 4275 in
726 4218 816 4276 titulo
839 4218 880 4275 sic
903 4217 1013 4292 scripta
1036 4209 1123 4274 sunt:
1140 4216 1241 4275 Exsi-

71 4304 166 4376 TVQ·
190 4306 335 4365 HONES·
356 4306 514 4365 FELIXS·
563 4343 597 4350 —-
637 4307 771 4365 Titulum
808 4305 963 4382 descripsit
985 4305 1151 4377 Hennenus‚
1176 4324 1241 4365 cou-
