2910 4778
223 310 283 357 m
723 308 769 356 DE
786 307 887 356 COXP.

262 486 292 548 3.
338 504 483 546 uersus
507 480 707 545 monocoli
729 480 853 543 mixti
876 480 1057 543 senariis
1081 477 1369 562 graecanicis.

331 597 513 671 Alssnar.
535 595 643 662 iamb.
667 595 761 678 Elog.
786 598 839 659 32.
864 593 907 658 Il.
933 599 964 673 3,
988 597 1019 657 l.

224 712 474 793 Alb-Idm.
498 712 594 796 Elog.
619 713 673 775 31.

336 923 535 1010 Strophius.
580 925 765 1007 compositio
788 929 837 986 est
859 925 1056 1008 quorundam
1080 924 1270 986 carminum.

333 1039 470 1105 Mirtum
497 1060 534 1104 ex
556 1040 702 1103 uersibus
725 1039 941 1122 singularibus
965 1044 997 1103 et
1019 1037 1160 1121 strophis
1184 1037 1332 1101 distichis
1358 1041 1406 1101 est

228 1155 365 1220 Carmen
397 1153 528 1231 Arnale,
563 1156 610 1218 ita
644 1155 869 1237 compositum:
895 1176 924 1227 a,
950 1175 1001 1231 αα,
1028 1151 1123 1224 2'‘2‘'‚
1149 1150 1268 1224 α”ἀ”’,
1295 1174 1325 1224 α,
1353 1173 1403 1213 αα.

229 1272 320 1335 euius
344 1291 452 1335 omnes
468 1269 617 1353 strophae
634 1270 762 1332 suntad
779 1269 963 1353 rhythmum
980 1270 1109 1347 similes,
1126 1291 1321 1352 quamquam
1336 1268 1408 1334 cola

227 1386 359 1469 paulum
394 1387 530 1450 uariant.
576 1386 642 1459 sed,
677 1386 761 1468 quod
795 1407 891 1468 supra
926 1385 1004 1463 dixi,
1030 1385 1100 1448 cola
1127 1385 1348 1467 procatalecta
1371 1384 1404 1447 in

227 1501 287 1565 hoc
311 1501 487 1565 carminum
510 1523 628 1585 genere
651 1501 779 1564 omnino
802 1501 994 1584 respondent
1017 1500 1214 1564 acatalectis.
1261 1521 1405 1563 necnon

231 1616 311 1681 illud
335 1617 417 1680 'siris
440 1617 601 1680 incurrere
625 1616 657 1678 in
682 1616 814 1698 pleures‘
839 1617 981 1698 proximo
1004 1619 1077 1679 'neu
1100 1616 1152 1679 lue
1176 1620 1233 1678 rue
1248 1614 1405 1679 Ma'rmar'

228 1755 288 1815 par
321 1730 503 1797 habendum
538 1736 596 1809 est,
633 1732 820 1814 praesertim
850 1733 884 1794 in
907 1733 1047 1794 carmine
1071 1737 1139 1794 tam
1162 1732 1304 1813 antiquo,
1331 1752 1406 1794 cum

228 1852 397 1931 utrumque
414 1851 583 1930 quaternos
599 1847 773 1910 reddiderit
788 1847 880 1911 ictus.
918 1848 1058 1930 itemque
1074 1848 1108 1909 in
1125 1845 1240 1910 Saliari
1256 1847 1407 1908 carmine

231 1985 341 2027 uersus
365 1963 558 2027 acatalectus
584 1960 621 2025 Ὀ
645 1961 723 2025 Zaul
740 1963 882 2026 adorlese
898 1964 1013 2026 omnia'
1031 1964 1201 2045 respondet
1216 1961 1409 2025 catalectico

232 2077 362 2143 'duonus
397 2077 494 2142 Gerus
529 2080 563 2140 e's
598 2078 720 2141 duonus
747 2066 860 2141 'lanus'
896 2078 950 2151 (cf.
984 2099 1016 2160 p.
1052 2074 1171 2156 XXII).
1216 2076 1344 2159 pariter
1373 2077 1407 2140 in

229 2192 418 2258 Graecorum
435 2194 524 2276 poesi
539 2214 629 2256 sacra
644 2197 677 2256 et
692 2196 819 2256 uetusta
834 2214 884 2255 res
900 2214 934 2255 se
949 2191 1072 2256 habuit.
1104 2191 1185 2254 utin
1198 2192 1406 2256 inuocatione

231 2307 425 2383 Cabirorum,
449 2330 545 2391 quam
568 2308 663 2370 attuli
686 2329 717 2390 p.
742 2304 875 2386 XLVII,
893 2331 923 2371 ιι.
940 2309 960 2371 3
977 2302 1154 2384 Πατ(αικ)οὶ
1171 2303 1269 2375 Κοῖος
1286 2302 1412 2388 lipsio:

231 2424 264 2487 in
298 2430 367 2507 pari
397 2444 527 2487 numero
549 2422 659 2488 haberi
685 2426 781 2506 atque
804 2445 835 2486 u.
860 2423 1115 2486 amasaeorum
1140 2418 1301 2503 Ὑπερείων
1326 2419 1406 2484 Eiu-

231 2540 320 2608 πετὸς
343 2535 461 2620 Κρόνος
484 2536 656 2602 OOrusius
678 2561 721 2602 m.
745 2538 793 2601 rh.
817 2535 927 2603 XLIII
950 2561 982 2621 p.
1006 2540 1070 2602 306
1095 2538 1243 2601 ostendit.

337 2653 559 2718 Proodicae
576 2658 609 2717 et
624 2653 778 2718 disticbae
794 2654 945 2738 strophae
960 2659 1035 2718 sunt
1050 2655 1131 2718 duae
1148 2654 1304 2719 Carminis
1318 2653 1411 2719 Sali-

232 2771 295 2834 aris
318 2792 349 2836 u.
374 2770 458 2833 1-4
482 2770 535 2834 uel
558 2792 668 2834 uersus
691 2768 804 2833 lanuli.

338 2884 542 2967 Epodicas
565 2889 598 2950 et
621 2885 772 2949 distichas
796 2884 942 2967 strophas
965 2889 1030 2948 tres
1054 2886 1197 2948 continet
1220 2884 1409 2950 Detestatio

232 3000 265 3063 in
289 3000 426 3065 formula
449 3001 586 3064 foederis
608 3001 757 3079 faciendi,
782 3000 946 3084 Comprec.
972 3003 1001 3065 7.

337 3115 622 3180 Tetrastichas
656 3116 802 3200 strophas
837 3122 870 3180 et
903 3117 1002 3177 κατὰ
1038 3119 1176 3199 στίχον
1200 3118 1407 3199 composi·

232 3236 293 3294 tas
332 3231 475 3294 continet
511 3231 605 3316 Elog.
646 3233 696 3312 16,
732 3233 814 3314 quod
849 3235 974 3296 constat
1008 3231 1220 3314 quaternariis
1255 3232 1409 3296 iambicis

234 3346 436 3411 catalecticis.

342 3457 576 3545 Ἀπολελυμὲνα
610 3468 682 3527 sunt
720 3464 861 3527 carmina
895 3462 1101 3540 lustrationis
1127 3461 1289 3544 Comprec.
1315 3464 1348 3538 9,
1374 3468 1410 3526 et

237 3578 348 3640 contra
382 3577 522 3641 l'aucium
556 3578 687 3658 dolores,
722 3579 885 3662 Comprec.
924 3579 974 3641 14.
1025 3579 1058 3640 in
1094 3599 1130 3641 eo
1166 3599 1283 3660 genere
1319 3579 1408 3642 binis

233 3692 373 3776 strophis
395 3693 570 3778 imparibus
595 3698 738 3760 constant
762 3695 927 3777 Comprec.
952 3694 982 3772 8,
1007 3692 1059 3757 uel
1082 3692 1220 3756 Deuotio
1243 3692 1348 3773 Decii,
1375 3704 1409 3758 et

234 3807 318 3873 Ded.
344 3808 362 3871 7
387 3808 479 3873 Lucii
502 3810 658 3875 Mummii.

344 4030 362 4113 ᾗ
387 4035 416 4096 3.
461 4030 535 4097 Non
559 4033 621 4096 erit
644 4032 789 4096 alienum·
805 4032 864 4096 hoc
887 4033 955 4097 loco
979 4031 1088 4094 uidere
1109 4052 1191 4113 quae
1208 4031 1328 4094 similes
1344 4031 1408 4112 his,

235 4168 313 4231 quas
336 4144 396 4210 hoc
420 4149 523 4231 capite
548 4149 741 4226 enumerem,
765 4149 889 4231 periodi
912 4149 976 4211 sint
999 4149 1033 4210 in
1056 4147 1174 4210 fabulis
1198 4146 1356 4211 Plautinis
1375 4151 1410 4211 et

235 4261 434 4327 Terentiuuis
469 4268 501 4326 et
529 4264 671 4348 reliquiis
695 4265 810 4328 ceteris
833 4265 1008 4347 priscorum
1033 4264 1208 4327 carminum
1232 4263 1408 4329 latmorum
