2910 4778
159 322 210 394 80
691 348 803 396 rnoom

159 513 202 566 32.
270 501 621 574 Monumentum
650 502 899 597 Eurysaois
927 504 1143 596 pistoris
1172 505 1335 576 Atisti·

506 658 651 729 aeque
679 637 840 708 uxoris
869 637 982 709 eius.

702 849 786 920 Iu.

159 990 209 1054 est
254 982 315 1054 hoe
356 983 619 1054 retenimentoM·
641 982 837 1055 MARCEI·
859 982 1107 1055 VERGILEI·
1129 984 1325 1058 EVRYSA-

378 1107 461 1181 CIS·
484 1107 711 1181 PISTORIS·
734 1107 1089 1181 REDEMPTCRIS·
1112 1109 1324 1182 APPARET

700 1267 779 1340 ΙΙ).

157 1401 258 1473 EST·
280 1401 389 1474 HOC·
411 1401 759 1474 MONIMENTVM·
782 1402 984 1474 MARCEI·
1007 1401 1255 1476 VERGILEI·

933 1525 1203 1601 EVRYSACIS
1231 1525 1318 1622 (sind

157 1650 385 1724 PISTCRIS·
407 1650 756 1724 REDEMPTORIS·
779 1649 1001 1724 APPARnr

700 1811 776 1884 Ie.

158 1944 259 2017 EST·
281 1944 389 2017 HOC·
412 1945 761 2018 MONIMENTVM·
782 1946 935 2018 MARCI
963 1946 1165 2020 VERGILI

671 2069 924 2143 EVRYSACis
953 2124 1313 2146 ..........

708 2274 764 2348 H.

316 2409 402 2482 Fuit
429 2409 570 2481 Atistia
597 2407 692 2480 uxor
720 2410 848 2481 mihei.

314 2534 455 2608 i'e'mina
484 2534 656 2629 opituma
684 2535 833 2606 ueixsit.

362 2691 422 2721 Α

316 2734 448 2826 quoius
476 2731 643 2824 cdrporis
671 2733 853 2826 reliquiae

317 2859 407 2954 qnod
434 2861 602 2953 eriperent
631 2854 802 2945 lomnes]
831 2861 912 2928 saint
938 2859 976 2928 in
1003 2857 1065 2929 hoo
1087 2862 1249 2954 panerio

260 3137 318 3202 32.
365 3142 428 3201 CIL
452 3142 496 3200 VI
522 3142 622 3212 1958;
647 3143 662 3200 I
688 3141 878 3212 1013—163
902 3142 996 3200 RPM.
1020 3141 1195 3202 LXXVIII.
1214 3143 1311 3203 A-o.

159 3265 191 3273 -
230 3232 341 3290 Romae
372 3236 440 3290 ante
463 3235 581 3307 portam
611 3231 805 3306 Esquilinam.
835 3266 869 3274 -
897 3225 921 3289 I
938 3247 959 3288 o
980 3231 1011 3288 in
1034 3231 1112 3291 faeie
1136 3233 1224 3292 iuxta
1245 3233 1313 3291 uiam

152 3319 393 3390 Praenestinam;
427 3315 452 3378 I
469 3315 485 3378 b
509 3321 539 3378 in
562 3320 637 3378 faeie
661 3320 779 3378 sinistra
803 3340 904 3378 areum
928 3339 1023 3395 aquae
1048 3319 1195 3381 Claudiae
1214 3338 1312 3381 nemus.

152 3403 176 3466 I
206 3425 221 3466 o
255 3410 284 3467 in
319 3410 442 3485 postica.
490 3429 542 3468 neo
577 3412 675 3467 aetate
709 3409 856 3486 posterius
880 3428 952 3467 areu
976 3428 1072 3485 aquae
1097 3409 1250 3482 Claudiae,
1271 3408 1313 3485 qui

152 3500 249 3556 factus
285 3503 329 3556 est
363 3519 390 3556 a.
425 3492 462 3556 Dss
500 3500 540 3557 52
576 3492 587 3566 l
613 3499 664 3568 53,
692 3499 747 3557 hoc
770 3500 996 3556 monumentum
1019 3517 1083 3557 esse
1107 3498 1313 3560 demonstrauit

151 3588 351 3646 Mommsenus
376 3587 439 3646 CIL
462 3589 478 3646 I
499 3610 529 3664 p.
549 3588 622 3656 222,
644 3607 707 3658 nee,
725 3589 806 3662 quod
822 3587 1005 3664 intellegitur
1021 3606 1056 3645 ex
1073 3588 1235 3664 scriptura,
1251 3586 1312 3646 anti·

151 3676 241 3751 quius
276 3680 320 3735 est
355 3680 452 3734 aetate
487 3675 688 3736 Ciceroniana.
734 3676 920 3735 APPARET
954 3676 1017 3734 soil.
1047 3695 1084 3734 ex
1107 3677 1203 3753 signis
1225 3694 1312 3736 monu-

152 3767 245 3825 menti
278 3765 436 3843 pistorium
470 3766 617 3841 opificium
641 3766 827 3824 imitantibus
850 3765 993 3840 pistorem
1016 3765 1109 3824 fuisse
1132 3767 1312 3844 Eurysaoem.

151 3874 183 3914 u.
218 3855 314 3913 Iahnii
342 3855 416 3930 disp.
440 3854 469 3912 in
494 3858 551 3913 aet.
576 3874 634 3913 soe.
659 3854 766 3913 Saron.
794 3853 875 3912 1861
901 3874 930 3929 p.
957 3854 1031 3911 341.
1079 3857 1211 3930 speeiem
1234 3873 1312 3932 quan·

153 3945 220 4000 darn
243 3944 390 4020 poetieam
414 3962 611 4018 numerosque
635 3944 784 4018 quaesitos
808 3962 869 4002 esse
894 3945 1071 4019 argumento
1095 3949 1170 4004 sunt
1193 3949 1223 4004 et
1237 3944 1312 4004 eollo·

152 4033 229 4092 catio
262 4033 424 4092 uerborum
451 4036 490 4103 et,
515 4034 595 4108 quod
619 4033 792 4091 Obseruauit
815 4033 1023 4102 Mommsenus,
1047 4032 1182 4093 MARCI
1204 4050 1312 4111 praeno

150 4140 217 4179 men
240 4122 377 4181 omnibus
393 4122 590 4198 perseriptum
605 4116 725 4180 litteris.
760 4122 811 4181 sed
827 4122 848 4179 ii
863 4121 979 4180 numeri
994 4123 1066 4179 sunt
1082 4125 1113 4180 et
1130 4124 1243 4182 horridi
1257 4141 1311 4197 qm·

151 4211 217 4269 dem
241 4215 271 4270 et
306 4210 446 4292 ambigui.
494 4211 618 4286 exempli
654 4230 744 4270 eausa
779 4211 855 4270 hane
889 4210 931 4268 ita
954 4210 1030 4268 facio
1054 4210 1266 4273 dimensionem
1283 4211 1315 4267 ut

149 4318 210 4359 non
233 4300 376 4360 affirmem
399 4319 464 4357 eam
487 4317 548 4358 esse
570 4306 702 4358 ueram2'
991 4319 992 4322 ¹
