2910 4778
239 309 287 380 46
680 330 962 380 corruscarionns.

239 497 281 550 14.
372 478 488 560 Cautio
515 489 677 559 contra
704 485 905 557 faucium
933 484 1120 558 dolores
1151 485 1377 578 usurpate.

347 633 420 726 eol
446 656 503 726 eet
531 654 602 744 a'xi,
631 656 665 726 a·
691 651 804 725 hodia
859 652 952 724 nata
978 653 1010 726 s
1038 653 1131 726 enee
1159 653 1267 741 neu,

398 783 430 851 sl
456 778 570 852 hodie'
598 778 729 853 creata
782 777 813 848 si
842 776 933 850 anta
961 779 996 848 ts
1023 778 1167 851 creata.

347 921 454 994 Hanc
482 921 629 1016 pe'stam
658 920 755 992 hauc
783 915 1054 1012 pestilentiam,

344 1046 444 1119 hunc
472 1045 643 1120 dolorem
697 1043 796 1114 lu'mc
822 1041 1012 1116 tumorem
1068 1043 1170 1116 hunc
1200 1041 1383 1130 rubc'rem,

277 1221 283 1233 .
347 1170 415 1243 has
442 1169 555 1244 tollas
582 1171 651 1243 has
678 1166 862 1255 tonsillas,

346 1295 446 1368 hunc
473 1319 615 1389 panum
643 1296 711 1367 has
738 1283 943 1390 paniculae,

345 1419 443 1494 hanc
471 1424 657 1492 strumam
684 1420 782 1494 hanc
809 1419 1056 1507 strumellam,

345 1544 442 1617 hanc
469 1537 701 1639 religionem
1000 1541 1010 1557 ’

350 1667 465 1742 educe
496 1660 656 1743 e'xcauto
687 1668 803 1743 euoco

276 1847 281 1858 .
346 1794 393 1866 de
421 1795 504 1866 istis
532 1795 711 1868 membris
738 1795 926 1867 medullis,

351 1965 503 2032 Carmina
528 1969 668 2049 14-17,
693 1988 771 2051 quae
793 1974 914 2031 eastaut
936 1969 971 2030 iu
993 1965 1143 2029 Marcelli
1157 1963 1324 2048 Empiriei
1338 1963 1405 2027 lihro

239 2056 276 2118 ete
298 2056 537 2136 raedicameutia
561 2056 702 2141 rhythmo
725 2077 787 2120 esse
809 2057 975 2139 composito
998 2054 1225 2118 auimoduertit
1242 2052 1406 2117 Buecheler

240 2152 268 2208 et
290 2145 328 2207 ele
351 2146 394 2208 cis
417 2146 568 2208 luculente
590 2148 729 2230 exposuit
751 2166 792 2208 m.
815 2145 864 2209 rh.
880 2142 1008 2208 XXXI
1011 2143 1040 2206 V
1044 2165 1080 2227 p.
1097 2144 1164 2207 343
1180 2163 1247 2227 sqq.
1264 2141 1310 2206 od
1324 2161 1405 2227 quom

238 2233 476 2317 dispertatiouem
509 2235 633 2298 lectores
665 2233 775 2317 delepo.
822 2255 892 2297 cum
922 2234 1020 2318 pluro
1052 2232 1147 2296 huius
1180 2234 1309 2315 perceris
1344 2236 1405 2295 suut

241 2323 326 2406 opud
360 2322 555 2402 Marcellam,
590 2330 656 2386 tum
683 2324 791 2407 aliqua
813 2324 1001 2407 antiquiora.
1048 2342 1084 2384 ea
1107 2321 1148 2384 iis
1171 2342 1253 2405 quae
1278 2321 1407 2384 uuraeris

242 2411 415 2475 domesticis
448 2432 649 2475 romauorum
683 2414 870 2475 rusticorum
904 2418 1046 2495 concepta
1079 2416 1162 2490 suut,
1188 2430 1227 2472 ea
1248 2410 1282 2476 h.
1307 2411 1329 2474 l.
1352 2409 1404 2472 eto.

241 2521 347 2564 eorum
382 2502 557 2563 carminum
578 2500 713 2583 fortasse
735 2501 843 2584 aliqua
863 2499 952 2582 facta
973 2507 1046 2563 suut
1068 2498 1261 2582 temporibus
1285 2500 1406 2583 impero·

240 2591 350 2670 torir's;
383 2590 437 2653 soal
469 2588 550 2652 mihil
584 2589 680 2672 refert
703 2597 810 2652 utrum
834 2597 905 2652 aute
926 2589 1065 2673 Aupusti
1086 2594 1219 2651 oetatem
1239 2587 1334 2669 facta
1354 2587 1405 2651 siut

242 2699 284 2740 aa
301 2686 374 2762 post
397 2699 474 2759 eam,
498 2685 575 2741 certe
590 2699 791 2742 uumerorum
804 2698 902 2762 percus
917 2685 960 2741 est
975 2679 1139 2762 antiquum
1154 2683 1249 2760 atque
1258 2679 1404 2760 putrium.

347 2767 404 2833 14.
449 2773 659 2832 Marcellus
682 2774 702 2831 l.
727 2774 762 2831 de
785 2772 1006 2831 medicamentis
1028 2767 1075 2830 cd.
1099 2763 1237 2830 Ooroar.
1256 2787 1294 2850 p.
1321 2767 1385 2829 105.

348 2854 390 2923 V.
417 2856 448 2922 1.
494 2855 559 2919 Eri
582 2857 631 2919 arci
654 2862 699 2920 exi
721 2856 767 2937 si]
790 2857 920 2940 scripum
942 2861 988 2919 exi
1011 2855 1106 2935 liher;
1128 2878 1163 2916 ea
1186 2860 1285 2918 uerba
1309 2859 1403 2936 quibus

239 2951 365 3010 maxime
401 2951 544 3010 contineri
578 2951 743 3027 putabatur
776 2951 822 3009 uis
849 2950 964 3026 magica
987 2954 1033 3008 tar
1055 2948 1247 3025 pronuntiari
1271 2949 1402 3008 solebant.

239 3040 281 3097 sic
317 3038 468 3115 (lomprec,
508 3039 546 3098 12
580 3041 698 3098 ’haueat
720 3040 828 3097 haueat
850 3041 978 3097 haueat'.
1004 3037 1234 3096 -Buecheler
1258 3038 1319 3096 axi
1341 3037 1402 3095 dele·

238 3128 294 3198 uit,
329 3126 358 3186 si
388 3129 511 3188 addidit.
539 3163 574 3171 -
602 3129 679 3187 exire
702 3129 824 3186 iubetur
840 3124 947 3206 pestis,
969 3132 1006 3186 ut
1027 3146 1058 3185 u.
1083 3127 1102 3185 3
1127 3129 1158 3184 at
1181 3127 1218 3185 de
1242 3127 1344 3187 dolore
1363 3141 1403 3201 pa

238 3217 309 3274 dum
344 3216 496 3292 (lomprec.
534 3219 563 3277 2.
602 3217 616 3276 1
656 3217 768 3276 ’'Terra'
802 3220 949 3292 pestem
982 3218 1115 3275 tenat0’'.
1155 3250 1191 3258 -
1230 3231 1266 3274 u.
1289 3213 1331 3273 ’2.
1362 3205 1402 3288 es]

239 3300 358 3364 motat.
405 3321 436 3364 es
471 3307 610 3365 nimirum
640 3306 709 3365 addi
732 3325 806 3382 opus
830 3308 874 3363 est
897 3308 928 3364 et
950 3306 987 3363 ad
1009 3303 1187 3364 seutentiam
1210 3307 1242 3362 et
1266 3305 1305 3362 ad
1325 3321 1402 3363 usum

238 3394 391 3454 sermonis.
416 3396 606 3456 collocatione
629 3396 792 3453 uerborum
814 3395 916 3453 cadem
938 3412 1011 3452 usus
1029 3396 1079 3452 est
1102 3393 1177 3452 Hor.
1200 3391 1232 3452 S.
1257 3393 1299 3453 H.
1325 3393 1353 3451 7.
1367 3389 1401 3449 29

240 3483 285 3541 ''si
318 3502 465 3559 nusquam
500 3503 536 3544 es
569 3485 646 3543 forte
675 3487 834 3543 uocatus”.
880 3483 975 3559 primo
998 3483 1122 3543 fortasse
1144 3481 1218 3540 fuit:
1246 3482 1283 3541 'si
1305 3478 1402 3540 antid

238 3588 268 3630 es
302 3576 454 3631 creata’.
489 3603 529 3612 —-
553 3590 586 3631 u.
617 3569 648 3631 8.
672 3572 914 3649 religionem
936 3591 995 3631 uox
1019 3571 1101 3642 alias,
1125 3571 1207 3646 quod
1229 3571 1331 3641 sciam,
1351 3586 1401 3627 non

237 3661 368 3737 inuenta,
393 3662 471 3720 dicta
495 3665 540 3720 est
563 3682 580 3720 a
602 3662 816 3738 relegando
839 3661 956 3737 passiue
979 3660 1185 3736 significatque
1201 3661 1318 3718 malum
1332 3656 1401 3734 quod

237 3751 397 3826 relegatur,
433 3754 469 3809 ut
505 3750 634 3826 ’opinio’,
666 3751 702 3809 ab
727 3750 875 3826 opinando
899 3749 988 3819 dicta,
1012 3749 1042 3807 id
1065 3748 1145 3824 quod
1169 3748 1238 3824 quis
1262 3749 1401 3825 opinatur,

240 3839 392 3898 ’condicio’
429 3839 513 3914 quasi
548 3839 579 3898 id
602 3840 682 3914 quod
706 3839 880 3909 condicitur,
906 3838 1008 3916 ’regio'
1033 3837 1118 3914 quasi
1140 3855 1219 3912 quae
1243 3838 1358 3914 regitur
1376 3835 1402 3892 in

238 3928 392 3997 directum,
423 3928 520 4004 ’legio'
545 3929 629 4003 quasi
653 3948 729 4003 quae
745 3930 822 3986 lecta
838 3931 883 3986 est
898 3927 1018 3986 dilectu.
1058 3926 1191 3984 certain
1214 3945 1321 3985 uocem
1338 3923 1401 3983 ’reli-

235 4017 340 4092 gionis’
364 4018 393 4075 h.
417 4018 438 4076 l.
454 4035 513 4089 uon
528 4017 614 4075 facile
629 4019 728 4092 potest
744 4017 913 4077 coniectura
929 4016 1042 4076 cadere.
1058 4015 1131 4074 reli
1137 4014 1294 4091 gionam
1312 4007 1396 4076 Gora.

238 4106 275 4164 cf.
312 4106 564 4182 conspiciens
599 4106 687 4163 Varr.
722 4107 742 4164 l.
789 4108 809 4165 l.
844 4105 914 4164 Vll.
952 4105 969 4162 8
1003 4105 1021 4161 i.
1058 4123 1083 4162 e.
1114 4105 1196 4180 quod
1219 4104 1400 4181 conspicitur.

240 4223 278 4234 —-
314 4210 346 4252 u.
383 4192 411 4253 9.
437 4213 556 4253 euoco
590 4195 641 4253 ed.
680 4213 755 4253 exc.
784 4190 869 4266 liber,
893 4193 1072 4269 transposui.
1100 4223 1139 4232 —
1165 4208 1198 4252 u.
1220 4189 1256 4252 ’4.
1281 4191 1402 4252 membra

238 4283 465 4361 distinguuntur
489 4283 611 4348 diaeresi
634 4284 789 4359 hiatuque.
