2910 4778
150 311 199 384 60
675 337 786 385 sacen

166 501 191 555 a.
380 482 529 582 Elogium
558 484 592 563 L.
620 483 761 565 Cornelii
789 484 823 564 L.
852 484 877 564 f.
906 484 1080 584 Scipionis.

203 637 263 682 coa.
288 639 318 682 a.
344 617 513 683 CCCOXC
520 615 553 699 V,
578 640 656 683 cena.
683 617 914 684 CCCCXCVI.
960 641 1020 685 scr.
1045 642 1127 686 auec.
1158 620 1207 685 VI
1223 622 1265 684 in.

258 819 367 892 Honc
395 819 482 892 dino
512 820 698 914 ploimme
807 820 1023 895 cosentiont
1051 821 1210 894 Romane

256 943 426 1016 duondro
456 943 613 1038 optumo
721 935 816 1018 filiae
843 945 939 1034 uiro,

255 1067 407 1141 Lrlciom
436 1068 622 1163 Scipione.
733 1070 831 1144 lilios
859 1070 1026 1143 Barbati.

253 1191 382 1285 pousdl
410 1192 543 1265 censor
570 1194 693 1266 aidllis
800 1195 861 1268 hlc
888 1193 969 1269 fuet
996 1194 1096 1292 apud
1123 1220 1198 1269 uos.

164 1328 189 1380 5·
254 1317 325 1409 bec
353 1316 453 1411 cepit
481 1317 628 1391 Corsica
736 1319 937 1414 Aleriaque
965 1321 1059 1393 rirbe
1090 1317 1216 1414 sirmis,

253 1442 367 1534 dedet
395 1441 709 1536 Ternpestttebus
737 1445 821 1517 dide
929 1444 1108 1518 meretod
1135 1449 1178 1516 ea
1205 1448 1286 1517 uoto.

253 1703 286 1768 3.
337 1707 400 1766 CIL
424 1709 467 1767 VI
494 1710 589 1770 1287.
612 1712 627 1770 Ι
652 1714 702 1770 32.
728 1712 810 1771 PLM
833 1713 1010 1772 xxxva.
1056 1713 1122 1772 tab.
1139 1733 1176 1773 ex
1191 1715 1249 1790 lap.
1264 1714 1304 1772 ll-

146 1799 224 1857 bano
259 1816 321 1872 rep.
358 1817 384 1855 a.
412 1797 505 1870 1614,
530 1820 608 1859 nunc
632 1801 662 1858 in
685 1802 769 1860 aditu
792 1802 864 1861 bibl.
890 1802 1045 1861 Barbaria.
1093 1804 1228 1862 alatere
1250 1804 1304 1861 der-

147 1894 197 1946 tro
233 1887 377 1960 quaedam
413 1889 519 1947 desunt
546 1890 673 1949 exitibus
695 1910 838 1949 uersuum
864 1890 892 1949 1.
917 1893 947 1949 4.
973 1895 1001 1950 5.
1027 1893 1075 1960 6.;
1100 1893 1184 1967 quod
1208 1894 1243 1951 de
1262 1911 1304 1950 uu.

148 1979 165 2032 5
202 1980 232 2032 et
267 1977 284 2031 6
320 1974 351 2032 iu
378 1978 557 2036 contrariam
580 1981 757 2038 sententiam
781 1980 914 2056 disputat
936 1979 972 2039 L.
994 1980 1124 2038 Mueller
1147 1982 1185 2039 de
1208 1985 1261 2040 sat.
1280 2000 1303 2056 p.

149 2065 223 2132 102,
259 2063 288 2120 id
312 2082 370 2121 non
393 2084 513 2140 possum
536 2067 562 2125 ei
586 2069 730 2129 assentiri.
777 2072 809 2127 at
831 2069 952 2128 secundi
973 2087 1079 2127 uersus
1103 2070 1180 2128 nibil
1203 2071 1233 2128 in
1253 2071 1307 2146 ipso

147 2155 265 2229 quidem
289 2151 386 2227 lapide
409 2174 550 2230 umquam
574 2157 664 2215 luisse
686 2162 803 2233 praeter
828 2178 862 2216 ea
885 2178 962 2233 quae
984 2160 1104 2216 exstant
1127 2160 1202 2218 satis
1224 2161 1308 2218 elucet

145 2265 180 2303 ex
215 2263 249 2302 eo
285 2242 364 2315 quod
395 2245 523 2303 multum
546 2247 635 2304 uacui
658 2247 746 2322 spatii
770 2249 807 2305 ad
830 2247 943 2304 exitum
965 2246 1053 2305 huius
1076 2266 1186 2307 uersus
1210 2251 1254 2307 est
1272 2266 1306 2305 re·

146 2334 260 2393 lictum.
307 2335 386 2389 certe
408 2333 438 2391 in
462 2335 564 2392 eadem
589 2353 677 2393 causa
700 2339 754 2405 est,
772 2337 852 2412 quod
868 2336 904 2394 ad
921 2336 1106 2394 scansionem
1122 2337 1243 2408 attinet,
1258 2355 1308 2412 qua

147 2426 223 2500 elog.
264 2422 292 2480 1.
330 2419 369 2487 2.,
400 2424 438 2481 ad
462 2443 550 2498 quem
573 2443 692 2482 uersum
717 2445 792 2500 quae
816 2428 887 2484 sunt
910 2427 1052 2484 annotata
1076 2426 1182 2484 eadem
1207 2427 1309 2485 dehoc

146 2515 260 2572 ualent.
288 2542 321 2549 -
350 2509 588 2573 Stichometriam
612 2513 810 2590 inscriptionis
833 2514 953 2572 retinui.

252 2601 316 2658 Hoc
367 2604 419 2662 filii
455 2603 585 2679 elogium
598 2595 684 2671 {nsod
701 2604 863 2662 secundum
886 2602 980 2678 patris
1008 2637 1043 2645 -
1070 2603 1096 2662 is
1120 2605 1198 2664 ordo
1221 2603 1308 2664 estin

146 2691 209 2751 CIL
249 2723 282 2732 —
320 2711 500 2769 quamquam
524 2693 579 2750 hoc
602 2691 655 2748 filii
678 2692 807 2768 elogium
830 2691 981 2766 antiquius
1004 2710 1067 2750 esse
1090 2693 1189 2769 patris
1213 2691 1305 2770 elogio,

145 2785 175 2840 et
208 2780 300 2857 patris
336 2782 465 2858 elogium
500 2781 596 2840 medio
618 2781 680 2838 fere
703 2781 746 2839 VI
770 2782 886 2839 saeculo
909 2780 939 2838 in
962 2781 1060 2840 locum
1085 2776 1264 2858 antiquioris
1283 2783 1310 2839 et

144 2871 220 2929 erasi
243 2871 415 2930 successisse
439 2889 474 2928 ex
498 2869 714 2928 discriminibus
738 2870 914 2945 quibusdam
938 2870 1104 2945 scripturae
1127 2871 1243 2930 iamdiu
1263 2889 1308 2948 per

144 2961 279 3035 spicitur.

249 3048 297 3106 Ad
331 3050 410 3106 hunc
445 3049 569 3105 eundem
604 3047 640 3105 L.
675 3047 839 3122 Scipionem
872 3047 963 3106 filium
988 3047 1114 3106 Barbati
1139 3050 1270 3126 pertinet
1289 3043 1306 3105 l.

144 3136 358 3196 CORNELIO·
381 3137 420 3195 L·
442 3137 481 3194 F·
504 3135 644 3195 SCIPIO·
668 3135 834 3194 aloinus·
858 3135 994 3195 OOSOL·
1017 3135 1144 3196 OESOR
1168 3138 1200 3196 in
1222 3156 1308 3198 sarco-

143 3227 233 3302 phagi
256 3227 424 3302 fragmento
447 3226 539 3284 rubro
563 3227 660 3284 colore
682 3226 806 3301 pictum.

248 3307 291 3374 V.
318 3308 349 3374 1.
396 3309 531 3372 Borcani
565 3314 744 3384 Viscontius,
781 3308 918 3371 Romane
948 3315 1177 3388 Buecehelerus‚
1202 3311 1310 3375 Romo

143 3403 325 3463 Sirmondus.
365 3439 399 3446 -
438 3419 469 3462 u.
504 3400 535 3462 2.
563 3403 630 3462 uiro
652 3400 760 3460 uiroro
783 3403 976 3472 Ritschelius3
1000 3403 1038 3462 cf.
1063 3423 1099 3461 ea
1122 3424 1202 3480 quae
1224 3423 1305 3481 supra

143 3493 221 3551 diota
256 3512 279 3552 s.
315 3496 345 3549 et
380 3493 447 3552 adn.
483 3493 520 3551 ad
555 3493 590 3550 el.
619 3492 643 3550 I.
670 3493 699 3549 2.
725 3521 765 3530 -
790 3507 821 3549 u.
846 3489 876 3549 5.
901 3487 998 3550 armis
1022 3493 1140 3563 addidi;
1166 3495 1217 3554 alii
1239 3493 1307 3552 alia:

142 3576 262 3661 recepit,
292 3576 497 3660 peperundod,
532 3576 639 3639 clusid.
678 3600 721 3619 -·
753 3596 784 3638 u.
810 3576 904 3637 lum
929 3582 1065 3656 suppleu.
1090 3581 1262 3643 Viscontius
1282 3585 1310 3638 et

141 3670 330 3730 Ritscbelius.
367 3699 406 3710 —
433 3685 464 3729 u.
489 3667 518 3727 6.
543 3670 642 3727 addidi
666 3663 725 3734 ’'e'e
746 3663 850 3744 πάθ’,
873 3669 962 3727 utin
985 3669 1034 3729 tit.
1051 3670 1234 3732 Ariminensi
1250 3669 1306 3730 cll.

141 3759 184 3817 XI
216 3759 277 3818 361
305 3759 455 3818 ”Saluti
477 3757 637 3817 Exvoro
661 3758 695 3828 Q.
720 3758 856 3816 Plautius
879 3758 980 3816 Iustus
1004 3759 1092 3818 aedil.
1118 3790 1160 3800 —
1190 3793 1228 3801 -
1250 3759 1309 3819 AB·

142 3848 241 3907 DEM·
264 3848 298 3907 S·
320 3851 362 3907 A·
384 3848 465 3906 DED
504 3882 538 3890 -
570 3851 641 3906 -”.
670 3882 704 3890 -
734 3848 841 3904 ”dedet
865 3847 1110 3922 Tempestatebus
1136 3850 1203 3909 aide
1226 3853 1309 3909 mere·

146 3933 200 3997 tod
224 3932 353 3996 udlum''
377 3931 564 3994 Bitsclaelius
587 3931 793 3994 Buechelerns
817 3936 895 4007 (coll.
921 3934 977 3995 Ou.
1001 3936 1083 3995 Fast.
1107 3937 1154 3996 VI
1173 3938 1257 4010 193).
1275 3971 1305 3981 -

142 4022 256 4085 dedet
290 4047 348 4086 uox
384 4026 512 4085 iambica
545 4044 600 4101 pro
634 4025 813 4101 pyrrhichio.
859 4025 938 4091 licet.
963 4025 988 4083 si
1010 4026 1095 4098 uelis,
1119 4027 1312 4103 pronuntiare

140 4135 193 4190 per
209 4116 465 4192 quadrisyllabum
481 4114 768 4190 tempestatbus
784 4118 820 4172 ut
836 4113 1098 4174 SENATORBVS
1114 4134 1139 4178 s,
1154 4136 1180 4176 c.
1198 4118 1234 4176 de
1249 4117 1308 4175 bac.

144 4237 178 4246 —
206 4220 238 4263 a.
263 4203 293 4263 3.
318 4205 477 4283 Luciom
501 4201 608 4279 Soip„
633 4223 664 4262 u.
688 4221 802 4262 excurs.
827 4203 851 4262 I.
876 4203 892 4272 ξ
917 4205 934 4260 5
961 4207 991 4262 et
1014 4223 1076 4264 era.
1102 4203 1134 4263 II
1158 4206 1176 4277 ἓ
1199 4208 1229 4266 6.
