2910 4778
543 322 603 381 Cap.
623 321 672 368 VH
691 314 706 380 ἕ
728 323 750 368 1.
1199 322 1232 369 ol

57 495 138 557 satis
163 499 297 578 apparet
320 517 338 557 3
362 516 433 558 meo
456 517 516 573 me,
540 516 601 559 non
626 496 667 559 ab
691 495 795 560 alieno
818 495 935 559 iudicio
955 495 1103 579 pendere.
1150 494 1231 560 OFG

58 609 261 689 Muellerum,
285 610 466 694 ubicunque
490 611 648 674 nominari
672 611 798 694 poterit,
826 611 860 674 in
882 611 942 675 hac
966 611 1150 695 quaestione
1174 633 1230 675 no·

59 726 199 803 minabo,
216 748 278 789 non
295 727 378 810 quod
395 750 413 789 a
429 726 576 809 prosodia
589 727 656 790 eius
668 726 769 790 multa
781 727 952 810 potiuerim
964 727 1110 810 exempla
1124 763 1164 772 -
1179 749 1232 790 eo·

58 864 131 905 rum
155 841 250 926 longe
276 842 413 925 plurima
437 842 471 906 in
493 842 639 927 legendis
656 842 774 906 fabulis
790 843 941 907 adnotaui
959 879 999 887 -
1016 843 1071 906 sed
1087 843 1231 907 tribuen-

59 958 136 1021 dum
159 979 226 1021 esse
242 957 303 1021 hoc
320 958 417 1021 tantis
434 958 556 1021 meritis
572 958 634 1022 uiri
650 980 774 1022 censeo.
821 959 951 1042 quippe,
967 959 1050 1042 quod
1062 955 1232 1022 inuenerat

58 1073 296 1151 FleckeisenuS‚
321 1074 388 1137 eius
411 1074 569 1138 rationem
592 1073 767 1138 Muellerus
791 1074 975 1158 explicauit,
992 1075 1058 1138 uim
1074 1075 1230 1153 defininit,

58 1189 148 1274 leges
184 1190 358 1254 constituit.
404 1212 478 1253 nam
513 1189 658 1254 Corsseni
694 1190 866 1272 disputatio
895 1189 992 1274 longa
1015 1212 1078 1255 non
1100 1190 1231 1254 maximi

59 1308 109 1368 est
140 1305 301 1370 momenti.
348 1328 429 1389 quae
453 1311 529 1369 uero
552 1309 642 1369 tanta
666 1309 792 1369 exstant
814 1306 995 1390 frequentia
1018 1311 1054 1370 ut
1076 1329 1095 1369 a
1118 1306 1231 1390 quouis
1300 1318 1304 1325 '

58 1421 154 1484 facile
189 1421 395 1485 inueniuntur
428 1422 461 1484 in
497 1421 625 1499 fabulis,
661 1444 699 1485 ea
734 1444 794 1485 non
830 1423 1032 1500 enumerabo,
1068 1423 1145 1485 satis
1170 1422 1232 1485 erit

58 1558 152 1601 suum
187 1537 300 1620 cuique
335 1537 439 1601 locum
462 1536 610 1601 Muelleri
634 1537 851 1620 adscripsisse.
899 1541 931 1601 et
953 1537 999 1600 M
1016 1537 1124 1601 littera
1146 1537 1231 1602 nuda

57 1652 221 1736 significat
239 1652 387 1716 Muelleri
402 1651 631 1717 ’Plauti-niseba
646 1654 806 1717 Prosodie'
813 1676 827 1733 ,·
842 1652 925 1716 Ml]
936 1653 1097 1738 significat
1112 1652 1229 1716 'Noch-

56 1775 147 1851 trapa
179 1790 239 1831 aar
269 1768 505 1832 Plautiniachen
530 1767 699 1833 Prosodie'.
746 1769 773 1832 si
797 1791 860 1852 qua
884 1773 989 1832 autem
1013 1769 1135 1832 scansio
1159 1791 1231 1832 curn

55 1883 215 1948 Muellero
244 1884 341 1948 dubia
365 1884 477 1948 fuisset
500 1887 555 1948 aut
577 1884 799 1968 improbabilis
822 1888 894 1968 post
917 1884 1134 1969 grammaticis
1157 1907 1231 1967 pro-

55 2001 136 2064 bata
171 2003 228 2079 est,
254 2022 323 2063 eam
347 2004 421 2063 noto
444 2001 703 2084 interrogationis
727 2001 835 2065 addito
859 2001 951 2086 signo
975 1999 1067 2079 (Ma).
1093 2001 1230 2083 primum

54 2116 160 2200 igitur
184 2116 361 2179 adscribam
387 2138 425 2178 ea
447 2114 527 2180 mihi
553 2120 664 2180 notata
687 2115 834 2199 exempla
857 2138 938 2200 quae
963 2116 1060 2180 etiam
1083 2116 1231 2180 inlibris

54 2231 208 2296 Muelleri
230 2232 447 2304 inueniuntur,
472 2254 552 2315 quae
576 2233 706 2316 quidem
729 2231 884 2315 hodieque
900 2233 978 2296 uiris
994 2254 1136 2297 summae
1153 2254 1228 2296 auc·

53 2348 196 2412 toritatis
220 2349 406 2431 probentur.
444 2349 483 2412 iis
507 2370 568 2413 uno
592 2370 716 2432 quoque
740 2349 808 2412 loco
831 2348 944 2411 addam
962 2370 999 2412 ea
1015 2350 1129 2432 quibus
1153 2348 1228 2412 libri

54 2463 208 2527 Muelleri
233 2466 352 2526 carent.

167 2703 185 2785 ὅ
210 2705 240 2767 2.
286 2702 429 2767 Primum
453 2707 502 2768 est
524 2704 626 2789 igitur
649 2709 683 2768 ut
707 2726 927 2768 enumeremus
951 2727 1004 2768 eos
1020 2708 1146 2768 nostrae
1163 2703 1230 2767 edi-

52 2819 154 2884 tionis
176 2841 287 2911 uersus
311 2817 350 2884 in
373 2817 504 2904 quibus
527 2816 662 2906 positio
686 2818 857 2903 neglecta
880 2819 949 2886 est.

55 3049 146 3116 Sent.
172 3052 190 3114 5
332 3049 442 3114 Sabini
466 3051 551 3134 quod
576 3050 718 3115 uolunt
742 3051 908 3115 sdnrnidnt.

55 3166 167 3250 Comp.
194 3167 244 3230 11.
262 3141 290 3230 l3
333 3171 391 3230 nec
416 3171 538 3249 caput
559 3188 619 3230 nec
643 3166 739 3250 pedes
762 3166 903 3230 habeant
922 3167 944 3243 ¹)

106 3333 119 3360 ,,
193 3283 243 3345 16.
269 3285 289 3346 3
334 3303 392 3345 nec
415 3281 491 3345 hdic
514 3283 624 3347 morbd
647 3286 770 3365 crrpdt
793 3285 916 3346 crescat

53 3398 128 3462 Liu.
156 3398 195 3460 16
220 3401 307 3474 (υ)-ι
332 3398 436 3481 apdd
459 3402 611 3481 numpam
635 3397 777 3461 Atlantis
831 3397 935 3461 filiam
960 3396 1230 3480 Oaldpsdnem

53 3514 152 3598 Elog.
178 3513 230 3578 19.
255 3513 275 3576 4
333 3515 369 3576 ut
391 3515 442 3578 me'
467 3514 512 3577 dd
536 3517 567 3577 te
592 3513 730 3597 recipias
754 3513 836 3577 nale.

98 3680 111 3710 „
177 3630 216 3692 21
335 3628 468 3713 Semper
491 3629 546 3712 qui
569 3629 654 3693 fuit
677 3629 777 3693 dulcis
801 3631 884 3692 suess

52 3744 144 3810 Sent.
169 3746 208 3808 21
331 3743 392 3820 Qui
426 3745 548 3809 asinum
585 3767 648 3810 non
682 3746 818 3829 potest
851 3748 992 3809 stratum
1016 3745 1130 3809 caedit.
1176 3743 1231 3826 (an

909 3864 1041 3942 pote?)

52 4023 153 4031 ...μ-η-
335 4024 366 4029 -
534 4024 551 4029 ⁴..
572 4024 582 4029 -
586 4024 603 4029 --
615 4023 657 4029 --
908 4021 1197 4029 m—
1201 4020 1226 4028 e-

168 4110 194 4192 ¹)
218 4116 252 4174 In
287 4117 343 4175 hoc
365 4136 456 4175 uersu
480 4121 543 4175 'nec
567 4115 683 4192 capdt
706 4136 759 4175 nec
781 4112 896 4193 pedes
920 4117 1058 4173 habeant’
1083 4115 1229 4190 correptio

53 4226 90 4265 ea
125 4206 262 4264 iteratur.
311 4206 445 4264 similiter
479 4206 605 4264 Plautus
640 4206 747 4264 Pseud.
785 4207 847 4264 940
881 4199 1003 4264 ”facit
1027 4208 1078 4279 qui
1102 4199 1230 4262 moabt-

53 4296 137 4371 quod
160 4289 302 4353 membr
324 4296 490 4353 meminit&
531 4295 610 4369 quod
633 4294 663 4352 in
687 4296 789 4353 multis
812 4296 947 4354 uersibus
972 4294 1015 4351 fit.
