<?xml version="1.0" encoding="UTF-8"?>
<!DOCTYPE html PUBLIC "-//W3C//DTD XHTML 1.0 Transitional//EN"
    "http://www.w3.org/TR/xhtml1/DTD/xhtml1-transitional.dtd">
<html xmlns="http://www.w3.org/1999/xhtml" xml:lang="en" lang="en">
 <head>
  <title>
</title>
<meta http-equiv="Content-Type" content="text/html;charset=utf-8" />
  <meta name='ocr-system' content='tesseract 3.04.00' />
  <meta name='ocr-capabilities' content='ocr_page ocr_carea ocr_par ocr_line ocrx_word'/>
</head>
<body>
  <div class='ocr_page' id='page_1' title='image "./versvsitalician00zandgoog_0113.png"; bbox 0 0 2910 4778; ppageno 0'>
   <div class='ocr_carea' id='block_1_1' title="bbox 240 306 930 355">
    <p class='ocr_par' dir='ltr' id='par_1_1' title="bbox 240 306 930 355">
     <span class='ocr_line' id='line_1_1' title="bbox 240 306 930 355; baseline -0.003 0"><span class='ocrx_word' id='word_1_1' title='bbox 240 309 259 355; x_wconf 82' lang='lat' dir='ltr'>O</span> <span class='ocrx_word' id='word_1_2' title='bbox 713 306 878 353; x_wconf 79' lang='lat' dir='ltr'>EXOVBSVS</span> <span class='ocrx_word' id='word_1_3' title='bbox 896 307 930 354; x_wconf 88' lang='lat'>11.</span> 
     </span>
    </p>
   </div>
   <div class='ocr_carea' id='block_1_2' title="bbox 238 480 1412 3567">
    <p class='ocr_par' dir='ltr' id='par_1_2' title="bbox 239 480 1412 1143">
     <span class='ocr_line' id='line_1_2' title="bbox 240 480 1412 566; baseline 0.002 -22"><span class='ocrx_word' id='word_1_4' title='bbox 240 481 317 566; x_wconf 84' lang='lat' dir='ltr'>gula</span> <span class='ocrx_word' id='word_1_5' title='bbox 339 480 484 564; x_wconf 85' lang='lat' dir='ltr'>exempla</span> <span class='ocrx_word' id='word_1_6' title='bbox 507 480 751 563; x_wconf 89' lang='lat' dir='ltr'>uniuscuiusque</span> <span class='ocrx_word' id='word_1_7' title='bbox 774 480 930 545; x_wconf 89' lang='lat' dir='ltr'>iambicae</span> <span class='ocrx_word' id='word_1_8' title='bbox 954 480 1005 544; x_wconf 95' lang='lat' dir='ltr'>uel</span> <span class='ocrx_word' id='word_1_9' title='bbox 1033 480 1119 544; x_wconf 87' lang='lat' dir='ltr'>uocis</span> <span class='ocrx_word' id='word_1_10' title='bbox 1147 480 1201 545; x_wconf 91' lang='lat' dir='ltr'>uel</span> <span class='ocrx_word' id='word_1_11' title='bbox 1220 481 1412 566; x_wconf 84' lang='lat' dir='ltr'>complexio·</span> 
     </span>
     <span class='ocr_line' id='line_1_3' title="bbox 240 595 1411 681; baseline 0.003 -22"><span class='ocrx_word' id='word_1_12' title='bbox 240 596 289 660; x_wconf 88' lang='lat' dir='ltr'>nis</span> <span class='ocrx_word' id='word_1_13' title='bbox 311 597 359 661; x_wconf 87' lang='lat' dir='ltr'>ita</span> <span class='ocrx_word' id='word_1_14' title='bbox 381 599 551 679; x_wconf 75' lang='lat' dir='ltr'>usurpatae</span> <span class='ocrx_word' id='word_1_15' title='bbox 568 595 779 660; x_wconf 89' lang='lat' dir='ltr'>continentur.</span> <span class='ocrx_word' id='word_1_16' title='bbox 825 617 934 679; x_wconf 87' lang='lat' dir='ltr'>quare,</span> <span class='ocrx_word' id='word_1_17' title='bbox 951 596 1100 679; x_wconf 90' lang='lat' dir='ltr'>quoniam</span> <span class='ocrx_word' id='word_1_18' title='bbox 1116 595 1176 660; x_wconf 91' lang='lat' dir='ltr'>hac</span> <span class='ocrx_word' id='word_1_19' title='bbox 1194 597 1411 681; x_wconf 85' lang='lat' dir='ltr'>disputatione</span> 
     </span>
     <span class='ocr_line' id='line_1_4' title="bbox 239 711 1411 798; baseline 0.003 -22"><span class='ocrx_word' id='word_1_20' title='bbox 239 711 330 776; x_wconf 90' lang='lat' dir='ltr'>nobis</span> <span class='ocrx_word' id='word_1_21' title='bbox 355 715 403 776; x_wconf 88' lang='lat' dir='ltr'>est</span> <span class='ocrx_word' id='word_1_22' title='bbox 425 711 622 795; x_wconf 89' lang='lat' dir='ltr'>propositum</span> <span class='ocrx_word' id='word_1_23' title='bbox 644 734 706 776; x_wconf 89' lang='lat' dir='ltr'>nou</span> <span class='ocrx_word' id='word_1_24' title='bbox 730 712 822 776; x_wconf 88' lang='lat' dir='ltr'>modo</span> <span class='ocrx_word' id='word_1_25' title='bbox 843 715 880 774; x_wconf 92' lang='lat' dir='ltr'>ut</span> <span class='ocrx_word' id='word_1_26' title='bbox 895 734 933 775; x_wconf 88' lang='lat' dir='ltr'>ea</span> <span class='ocrx_word' id='word_1_27' title='bbox 949 733 1031 794; x_wconf 89' lang='lat' dir='ltr'>quae</span> <span class='ocrx_word' id='word_1_28' title='bbox 1046 712 1251 795; x_wconf 84' lang='lat' dir='ltr'>repperimus</span> <span class='ocrx_word' id='word_1_29' title='bbox 1268 715 1411 798; x_wconf 87' lang='lat' dir='ltr'>exempla</span> 
     </span>
     <span class='ocr_line' id='line_1_5' title="bbox 240 826 1411 912; baseline 0.003 -21"><span class='ocrx_word' id='word_1_30' title='bbox 240 827 394 911; x_wconf 86' lang='lat' dir='ltr'>exemplis</span> <span class='ocrx_word' id='word_1_31' title='bbox 417 826 488 890; x_wconf 87' lang='lat' dir='ltr'>aliis</span> <span class='ocrx_word' id='word_1_32' title='bbox 512 826 747 905; x_wconf 77' lang='lat' dir='ltr'>confirmentur,</span> <span class='ocrx_word' id='word_1_33' title='bbox 772 828 941 890; x_wconf 87' lang='lat' dir='ltr'>sedetiam</span> <span class='ocrx_word' id='word_1_34' title='bbox 964 831 1000 890; x_wconf 93' lang='lat' dir='ltr'>ut</span> <span class='ocrx_word' id='word_1_35' title='bbox 1016 828 1181 891; x_wconf 89' lang='lat' dir='ltr'>uideamus</span> <span class='ocrx_word' id='word_1_36' title='bbox 1199 834 1364 912; x_wconf 88' lang='lat' dir='ltr'>quatenus</span> <span class='ocrx_word' id='word_1_37' title='bbox 1379 853 1411 894; x_wconf 84' lang='lat' dir='ltr'>ea</span> 
     </span>
     <span class='ocr_line' id='line_1_6' title="bbox 239 941 1410 1029; baseline 0.004 -23"><span class='ocrx_word' id='word_1_38' title='bbox 239 944 344 1026; x_wconf 86' lang='lat' dir='ltr'>prisca</span> <span class='ocrx_word' id='word_1_39' title='bbox 379 943 534 1025; x_wconf 76' lang='lat' dir='ltr'>asperitas</span> <span class='ocrx_word' id='word_1_40' title='bbox 569 943 646 1005; x_wconf 88' lang='lat' dir='ltr'>artis</span> <span class='ocrx_word' id='word_1_41' title='bbox 680 941 865 1007; x_wconf 90' lang='lat' dir='ltr'>horridioris</span> <span class='ocrx_word' id='word_1_42' title='bbox 900 943 1090 1026; x_wconf 89' lang='lat' dir='ltr'>processerit</span> <span class='ocrx_word' id='word_1_43' title='bbox 1113 943 1329 1029; x_wconf 80' lang='lat' dir='ltr'>terminisque</span> <span class='ocrx_word' id='word_1_44' title='bbox 1353 947 1410 1010; x_wconf 87' lang='lat' dir='ltr'>suis</span> 
     </span>
     <span class='ocr_line' id='line_1_7' title="bbox 240 1057 1372 1143; baseline 0.004 -21"><span class='ocrx_word' id='word_1_45' title='bbox 240 1081 311 1123; x_wconf 88' lang='lat' dir='ltr'>eam</span> <span class='ocrx_word' id='word_1_46' title='bbox 335 1057 530 1137; x_wconf 67' lang='lat' dir='ltr'>definiamus</span> <span class='ocrx_word' id='word_1_47' title='bbox 555 1080 623 1122; x_wconf 88' lang='lat' dir='ltr'>eam</span> <span class='ocrx_word' id='word_1_48' title='bbox 648 1059 688 1123; x_wconf 91' lang='lat' dir='ltr'>ob</span> <span class='ocrx_word' id='word_1_49' title='bbox 712 1080 776 1121; x_wconf 90' lang='lat' dir='ltr'>rem</span> <span class='ocrx_word' id='word_1_50' title='bbox 802 1059 907 1122; x_wconf 86' lang='lat' dir='ltr'>omnia</span> <span class='ocrx_word' id='word_1_51' title='bbox 930 1059 1116 1143; x_wconf 78' lang='lat' dir='ltr'>singillatim</span> <span class='ocrx_word' id='word_1_52' title='bbox 1140 1061 1372 1143; x_wconf 88' lang='lat' dir='ltr'>perquirenda.</span> 
     </span>
    </p>

    <p class='ocr_par' dir='ltr' id='par_1_3' title="bbox 240 1173 1408 1604">
     <span class='ocr_line' id='line_1_8' title="bbox 346 1173 1408 1262; baseline 0.004 -24"><span class='ocrx_word' id='word_1_53' title='bbox 346 1173 434 1259; x_wconf 81' lang='lat' dir='ltr'>Ergo</span> <span class='ocrx_word' id='word_1_54' title='bbox 463 1195 544 1257; x_wconf 90' lang='lat' dir='ltr'>quae</span> <span class='ocrx_word' id='word_1_55' title='bbox 576 1174 722 1256; x_wconf 86' lang='lat' dir='ltr'>exempla</span> <span class='ocrx_word' id='word_1_56' title='bbox 745 1173 862 1237; x_wconf 84' lang='lat' dir='ltr'>similia</span> <span class='ocrx_word' id='word_1_57' title='bbox 885 1174 999 1258; x_wconf 90' lang='lat' dir='ltr'>cuique</span> <span class='ocrx_word' id='word_1_58' title='bbox 1024 1174 1170 1257; x_wconf 86' lang='lat' dir='ltr'>exemplo</span> <span class='ocrx_word' id='word_1_59' title='bbox 1195 1197 1408 1262; x_wconf 88' lang='lat' dir='ltr'>eorumquae</span> 
     </span>
     <span class='ocr_line' id='line_1_9' title="bbox 240 1289 1407 1377; baseline 0.004 -24"><span class='ocrx_word' id='word_1_60' title='bbox 240 1291 273 1353; x_wconf 92' lang='lat' dir='ltr'>iu</span> <span class='ocrx_word' id='word_1_61' title='bbox 307 1289 357 1353; x_wconf 90' lang='lat' dir='ltr'>his</span> <span class='ocrx_word' id='word_1_62' title='bbox 392 1311 470 1373; x_wconf 91' lang='lat' dir='ltr'>quos</span> <span class='ocrx_word' id='word_1_63' title='bbox 505 1289 589 1352; x_wconf 87' lang='lat' dir='ltr'>edidi</span> <span class='ocrx_word' id='word_1_64' title='bbox 624 1290 768 1354; x_wconf 86' lang='lat' dir='ltr'>uersibus</span> <span class='ocrx_word' id='word_1_65' title='bbox 791 1290 997 1353; x_wconf 90' lang='lat' dir='ltr'>inueniuntur</span> <span class='ocrx_word' id='word_1_66' title='bbox 1019 1289 1162 1354; x_wconf 90' lang='lat' dir='ltr'>inueni</span> <span class='ocrx_word' id='word_1_67' title='bbox 1184 1293 1407 1377; x_wconf 88' lang='lat' dir='ltr'>notauique</span> 
     </span>
     <span class='ocr_line' id='line_1_10' title="bbox 241 1404 1408 1491; baseline 0.003 -22"><span class='ocrx_word' id='word_1_68' title='bbox 241 1426 325 1469; x_wconf 85' lang='lat' dir='ltr'>cum</span> <span class='ocrx_word' id='word_1_69' title='bbox 359 1406 499 1488; x_wconf 89' lang='lat' dir='ltr'>poesin</span> <span class='ocrx_word' id='word_1_70' title='bbox 529 1405 705 1488; x_wconf 82' lang='lat' dir='ltr'>priscam</span> <span class='ocrx_word' id='word_1_71' title='bbox 727 1404 965 1470; x_wconf 86' lang='lat' dir='ltr'>Latinorum</span> <span class='ocrx_word' id='word_1_72' title='bbox 988 1427 1072 1468; x_wconf 88' lang='lat' dir='ltr'>eam</span> <span class='ocrx_word' id='word_1_73' title='bbox 1095 1407 1140 1470; x_wconf 91' lang='lat' dir='ltr'>ob</span> <span class='ocrx_word' id='word_1_74' title='bbox 1165 1428 1249 1470; x_wconf 89' lang='lat' dir='ltr'>rem</span> <span class='ocrx_word' id='word_1_75' title='bbox 1271 1409 1408 1491; x_wconf 90' lang='lat' dir='ltr'>perlu-</span> 
     </span>
     <span class='ocr_line' id='line_1_11' title="bbox 240 1520 998 1604; baseline 0.001 -20"><span class='ocrx_word' id='word_1_76' title='bbox 240 1524 429 1600; x_wconf 88' lang='lat' dir='ltr'>strarem,</span> <span class='ocrx_word' id='word_1_77' title='bbox 453 1543 491 1584; x_wconf 88' lang='lat' dir='ltr'>ea</span> <span class='ocrx_word' id='word_1_78' title='bbox 514 1543 569 1585; x_wconf 88' lang='lat' dir='ltr'>suo</span> <span class='ocrx_word' id='word_1_79' title='bbox 592 1542 736 1604; x_wconf 90' lang='lat' dir='ltr'>quaeque</span> <span class='ocrx_word' id='word_1_80' title='bbox 759 1520 829 1584; x_wconf 90' lang='lat' dir='ltr'>loco</span> <span class='ocrx_word' id='word_1_81' title='bbox 852 1520 998 1586; x_wconf 88' lang='lat' dir='ltr'>adiciam.</span> 
     </span>
    </p>

    <p class='ocr_par' dir='ltr' id='par_1_4' title="bbox 239 1636 1405 2183">
     <span class='ocr_line' id='line_1_12' title="bbox 346 1636 1405 1724; baseline 0.004 -24"><span class='ocrx_word' id='word_1_82' title='bbox 346 1636 394 1700; x_wconf 85' lang='lat' dir='ltr'>Ac</span> <span class='ocrx_word' id='word_1_83' title='bbox 428 1636 566 1719; x_wconf 91' lang='lat' dir='ltr'>primum</span> <span class='ocrx_word' id='word_1_84' title='bbox 589 1637 749 1719; x_wconf 87' lang='lat' dir='ltr'>proferam</span> <span class='ocrx_word' id='word_1_85' title='bbox 772 1658 866 1700; x_wconf 86' lang='lat' dir='ltr'>uoces</span> <span class='ocrx_word' id='word_1_86' title='bbox 893 1636 1046 1700; x_wconf 81' lang='lat' dir='ltr'>iambicus</span> <span class='ocrx_word' id='word_1_87' title='bbox 1074 1639 1106 1700; x_wconf 87' lang='lat' dir='ltr'>et</span> <span class='ocrx_word' id='word_1_88' title='bbox 1133 1659 1187 1701; x_wconf 87' lang='lat' dir='ltr'>eas</span> <span class='ocrx_word' id='word_1_89' title='bbox 1215 1640 1405 1724; x_wconf 85' lang='lat' dir='ltr'>complexio·</span> 
     </span>
     <span class='ocr_line' id='line_1_13' title="bbox 239 1752 1404 1838; baseline 0.003 -21"><span class='ocrx_word' id='word_1_90' title='bbox 239 1775 295 1817; x_wconf 88' lang='lat' dir='ltr'>nes</span> <span class='ocrx_word' id='word_1_91' title='bbox 319 1752 512 1836; x_wconf 81' lang='lat' dir='ltr'>syllabarum</span> <span class='ocrx_word' id='word_1_92' title='bbox 528 1752 681 1816; x_wconf 89' lang='lat' dir='ltr'>iambicas</span> <span class='ocrx_word' id='word_1_93' title='bbox 697 1774 779 1836; x_wconf 90' lang='lat' dir='ltr'>quae</span> <span class='ocrx_word' id='word_1_94' title='bbox 794 1752 847 1815; x_wconf 86' lang='lat' dir='ltr'>uel</span> <span class='ocrx_word' id='word_1_95' title='bbox 862 1754 949 1815; x_wconf 90' lang='lat' dir='ltr'>totae</span> <span class='ocrx_word' id='word_1_96' title='bbox 966 1752 1018 1815; x_wconf 91' lang='lat' dir='ltr'>uel</span> <span class='ocrx_word' id='word_1_97' title='bbox 1034 1753 1192 1836; x_wconf 89' lang='lat' dir='ltr'>posterior</span> <span class='ocrx_word' id='word_1_98' title='bbox 1206 1776 1286 1838; x_wconf 88' lang='lat' dir='ltr'>pars</span> <span class='ocrx_word' id='word_1_99' title='bbox 1305 1778 1404 1820; x_wconf 89' lang='lat' dir='ltr'>eorum</span> 
     </span>
     <span class='ocr_line' id='line_1_14' title="bbox 240 1866 1403 1952; baseline 0.003 -19"><span class='ocrx_word' id='word_1_100' title='bbox 240 1869 343 1952; x_wconf 89' lang='lat' dir='ltr'>prima</span> <span class='ocrx_word' id='word_1_101' title='bbox 377 1871 468 1951; x_wconf 88' lang='lat' dir='ltr'>parte</span> <span class='ocrx_word' id='word_1_102' title='bbox 501 1868 589 1931; x_wconf 89' lang='lat' dir='ltr'>uocis</span> <span class='ocrx_word' id='word_1_103' title='bbox 623 1866 841 1951; x_wconf 80' lang='lat' dir='ltr'>polysyllabae</span> <span class='ocrx_word' id='word_1_104' title='bbox 876 1870 1036 1946; x_wconf 82' lang='lat' dir='ltr'>constant3</span> <span class='ocrx_word' id='word_1_105' title='bbox 1074 1868 1186 1932; x_wconf 88' lang='lat' dir='ltr'>deinde</span> <span class='ocrx_word' id='word_1_106' title='bbox 1212 1891 1266 1934; x_wconf 89' lang='lat' dir='ltr'>eos</span> <span class='ocrx_word' id='word_1_107' title='bbox 1291 1871 1403 1936; x_wconf 90' lang='lat' dir='ltr'>iambos</span> 
     </span>
     <span class='ocr_line' id='line_1_15' title="bbox 240 1983 1403 2068; baseline 0.002 -19"><span class='ocrx_word' id='word_1_108' title='bbox 240 1987 401 2068; x_wconf 87' lang='lat' dir='ltr'>correptos</span> <span class='ocrx_word' id='word_1_109' title='bbox 431 1985 486 2068; x_wconf 90' lang='lat' dir='ltr'>qui</span> <span class='ocrx_word' id='word_1_110' title='bbox 516 1986 661 2047; x_wconf 85' lang='lat' dir='ltr'>constant</span> <span class='ocrx_word' id='word_1_111' title='bbox 687 1984 775 2047; x_wconf 85' lang='lat' dir='ltr'>exitu</span> <span class='ocrx_word' id='word_1_112' title='bbox 799 1983 885 2047; x_wconf 90' lang='lat' dir='ltr'>uocis</span> <span class='ocrx_word' id='word_1_113' title='bbox 908 1983 1136 2067; x_wconf 87' lang='lat' dir='ltr'>polysyllabae.</span> <span class='ocrx_word' id='word_1_114' title='bbox 1184 2007 1281 2050; x_wconf 88' lang='lat' dir='ltr'>noces</span> <span class='ocrx_word' id='word_1_115' title='bbox 1306 1991 1403 2051; x_wconf 87' lang='lat' dir='ltr'>auten</span> 
     </span>
     <span class='ocr_line' id='line_1_16' title="bbox 239 2099 1025 2183; baseline 0 -20"><span class='ocrx_word' id='word_1_116' title='bbox 239 2100 377 2183; x_wconf 92' lang='lat' dir='ltr'>primum</span> <span class='ocrx_word' id='word_1_117' title='bbox 400 2099 563 2182; x_wconf 77' lang='lat' dir='ltr'>positione,</span> <span class='ocrx_word' id='word_1_118' title='bbox 588 2099 700 2162; x_wconf 90' lang='lat' dir='ltr'>deinde</span> <span class='ocrx_word' id='word_1_119' title='bbox 724 2103 839 2162; x_wconf 87' lang='lat' dir='ltr'>natura</span> <span class='ocrx_word' id='word_1_120' title='bbox 862 2099 1025 2164; x_wconf 89' lang='lat' dir='ltr'>iambicas.</span> 
     </span>
    </p>

    <p class='ocr_par' dir='ltr' id='par_1_5' title="bbox 240 2214 1401 2416">
     <span class='ocr_line' id='line_1_17' title="bbox 345 2214 1401 2298; baseline 0.003 -20"><span class='ocrx_word' id='word_1_121' title='bbox 345 2214 453 2279; x_wconf 81' lang='lat' dir='ltr'>Etiam</span> <span class='ocrx_word' id='word_1_122' title='bbox 487 2215 527 2278; x_wconf 91' lang='lat' dir='ltr'>de</span> <span class='ocrx_word' id='word_1_123' title='bbox 556 2214 700 2298; x_wconf 83' lang='lat' dir='ltr'>synizesi‚</span> <span class='ocrx_word' id='word_1_124' title='bbox 736 2217 892 2298; x_wconf 89' lang='lat' dir='ltr'>quatenus</span> <span class='ocrx_word' id='word_1_125' title='bbox 927 2237 999 2279; x_wconf 90' lang='lat' dir='ltr'>oum</span> <span class='ocrx_word' id='word_1_126' title='bbox 1033 2237 1071 2279; x_wconf 90' lang='lat' dir='ltr'>ea</span> <span class='ocrx_word' id='word_1_127' title='bbox 1101 2237 1135 2279; x_wconf 92' lang='lat' dir='ltr'>re</span> <span class='ocrx_word' id='word_1_128' title='bbox 1159 2217 1332 2283; x_wconf 88' lang='lat' dir='ltr'>coniuncta</span> <span class='ocrx_word' id='word_1_129' title='bbox 1352 2222 1401 2296; x_wconf 81' lang='lat' dir='ltr'>est,</span> 
     </span>
     <span class='ocr_line' id='line_1_18' title="bbox 240 2331 408 2416; baseline -0.006 -22"><span class='ocrx_word' id='word_1_130' title='bbox 240 2331 408 2416; x_wconf 84' lang='lat' dir='ltr'>agendum.</span> 
     </span>
    </p>

    <p class='ocr_par' dir='ltr' id='par_1_6' title="bbox 238 2444 1405 3567">
     <span class='ocr_line' id='line_1_19' title="bbox 345 2444 1401 2532; baseline 0.003 -23"><span class='ocrx_word' id='word_1_131' title='bbox 345 2444 500 2521; x_wconf 83' lang='lat' dir='ltr'>Quoniam</span> <span class='ocrx_word' id='word_1_132' title='bbox 523 2446 623 2530; x_wconf 86' lang='lat' dir='ltr'>igitur</span> <span class='ocrx_word' id='word_1_133' title='bbox 646 2449 682 2509; x_wconf 96' lang='lat' dir='ltr'>ut</span> <span class='ocrx_word' id='word_1_134' title='bbox 704 2447 736 2509; x_wconf 87' lang='lat' dir='ltr'>id</span> <span class='ocrx_word' id='word_1_135' title='bbox 760 2446 845 2529; x_wconf 89' lang='lat' dir='ltr'>qnod</span> <span class='ocrx_word' id='word_1_136' title='bbox 868 2447 966 2510; x_wconf 89' lang='lat' dir='ltr'>uelim</span> <span class='ocrx_word' id='word_1_137' title='bbox 990 2448 1134 2527; x_wconf 78' lang='lat' dir='ltr'>efficiam,</span> <span class='ocrx_word' id='word_1_138' title='bbox 1155 2470 1194 2512; x_wconf 86' lang='lat' dir='ltr'>ca</span> <span class='ocrx_word' id='word_1_139' title='bbox 1209 2449 1401 2532; x_wconf 88' lang='lat' dir='ltr'>potissimum</span> 
     </span>
     <span class='ocr_line' id='line_1_20' title="bbox 239 2562 1402 2651; baseline 0.003 -26"><span class='ocrx_word' id='word_1_140' title='bbox 239 2562 430 2645; x_wconf 87' lang='lat' dir='ltr'>proferenda</span> <span class='ocrx_word' id='word_1_141' title='bbox 464 2566 537 2624; x_wconf 86' lang='lat' dir='ltr'>sunt</span> <span class='ocrx_word' id='word_1_142' title='bbox 571 2562 717 2645; x_wconf 84' lang='lat' dir='ltr'>exempla</span> <span class='ocrx_word' id='word_1_143' title='bbox 744 2584 825 2646; x_wconf 90' lang='lat' dir='ltr'>quae</span> <span class='ocrx_word' id='word_1_144' title='bbox 849 2563 1052 2647; x_wconf 84' lang='lat' dir='ltr'>grammatici</span> <span class='ocrx_word' id='word_1_145' title='bbox 1075 2562 1169 2627; x_wconf 91' lang='lat' dir='ltr'>huius</span> <span class='ocrx_word' id='word_1_146' title='bbox 1193 2565 1312 2629; x_wconf 87' lang='lat' dir='ltr'>aetatis</span> <span class='ocrx_word' id='word_1_147' title='bbox 1335 2587 1402 2651; x_wconf 86' lang='lat' dir='ltr'>gra·</span> 
     </span>
     <span class='ocr_line' id='line_1_21' title="bbox 239 2677 1402 2763; baseline 0.003 -22"><span class='ocrx_word' id='word_1_148' title='bbox 239 2677 361 2742; x_wconf 86' lang='lat' dir='ltr'>nissimi</span> <span class='ocrx_word' id='word_1_149' title='bbox 384 2677 598 2761; x_wconf 88' lang='lat' dir='ltr'>probauerint‚</span> <span class='ocrx_word' id='word_1_150' title='bbox 636 2699 722 2741; x_wconf 91' lang='lat' dir='ltr'>meas</span> <span class='ocrx_word' id='word_1_151' title='bbox 746 2679 945 2743; x_wconf 88' lang='lat' dir='ltr'>coniecturas</span> <span class='ocrx_word' id='word_1_152' title='bbox 967 2702 1040 2744; x_wconf 91' lang='lat' dir='ltr'>raro</span> <span class='ocrx_word' id='word_1_153' title='bbox 1063 2680 1217 2763; x_wconf 90' lang='lat' dir='ltr'>recipiam</span> <span class='ocrx_word' id='word_1_154' title='bbox 1234 2702 1402 2746; x_wconf 67' lang='lat' dir='ltr'>colomnae·</span> 
     </span>
     <span class='ocr_line' id='line_1_22' title="bbox 238 2793 1403 2880; baseline 0.002 -23"><span class='ocrx_word' id='word_1_155' title='bbox 238 2793 371 2878; x_wconf 77' lang='lat' dir='ltr'>ratoque</span> <span class='ocrx_word' id='word_1_156' title='bbox 402 2793 470 2875; x_wconf 83' lang='lat' dir='ltr'>fere</span> <span class='ocrx_word' id='word_1_157' title='bbox 503 2793 593 2857; x_wconf 79' lang='lat' dir='ltr'>sallo</span> <span class='ocrx_word' id='word_1_158' title='bbox 624 2801 748 2876; x_wconf 82' lang='lat' dir='ltr'>praeter</span> <span class='ocrx_word' id='word_1_159' title='bbox 782 2815 818 2858; x_wconf 85' lang='lat' dir='ltr'>ca</span> <span class='ocrx_word' id='word_1_160' title='bbox 852 2816 930 2879; x_wconf 76' lang='lat' dir='ltr'>paroc</span> <span class='ocrx_word' id='word_1_161' title='bbox 953 2794 990 2857; x_wconf 85' lang='lat' dir='ltr'>ob</span> <span class='ocrx_word' id='word_1_162' title='bbox 1013 2795 1181 2859; x_wconf 79' lang='lat' dir='ltr'>editoribus</span> <span class='ocrx_word' id='word_1_163' title='bbox 1204 2795 1317 2880; x_wconf 82' lang='lat' dir='ltr'>quibus</span> <span class='ocrx_word' id='word_1_164' title='bbox 1339 2803 1403 2860; x_wconf 81' lang='lat' dir='ltr'>utor</span> 
     </span>
     <span class='ocr_line' id='line_1_23' title="bbox 238 2907 1402 2992; baseline 0.003 -20"><span class='ocrx_word' id='word_1_165' title='bbox 238 2911 284 2972; x_wconf 76' lang='lat' dir='ltr'>tto</span> <span class='ocrx_word' id='word_1_166' title='bbox 307 2909 461 2992; x_wconf 72' lang='lat' dir='ltr'>deptaretur.</span> <span class='ocrx_word' id='word_1_167' title='bbox 508 2907 643 2972; x_wconf 84' lang='lat' dir='ltr'>adhibeo</span> <span class='ocrx_word' id='word_1_168' title='bbox 673 2912 778 2972; x_wconf 88' lang='lat' dir='ltr'>autem</span> <span class='ocrx_word' id='word_1_169' title='bbox 809 2909 867 2989; x_wconf 86' lang='lat' dir='ltr'>has</span> <span class='ocrx_word' id='word_1_170' title='bbox 902 2910 1065 2974; x_wconf 89' lang='lat' dir='ltr'>editiones.</span> <span class='ocrx_word' id='word_1_171' title='bbox 1111 2911 1145 2974; x_wconf 90' lang='lat' dir='ltr'>in</span> <span class='ocrx_word' id='word_1_172' title='bbox 1179 2910 1297 2976; x_wconf 91' lang='lat' dir='ltr'>Plauto</span> <span class='ocrx_word' id='word_1_173' title='bbox 1327 2913 1402 2978; x_wconf 83' lang='lat' dir='ltr'>Loe-</span> 
     </span>
     <span class='ocr_line' id='line_1_24' title="bbox 239 3023 1404 3108; baseline 0.003 -21"><span class='ocrx_word' id='word_1_174' title='bbox 239 3024 292 3087; x_wconf 87' lang='lat' dir='ltr'>wii</span> <span class='ocrx_word' id='word_1_175' title='bbox 327 3028 359 3088; x_wconf 90' lang='lat' dir='ltr'>et</span> <span class='ocrx_word' id='word_1_176' title='bbox 393 3023 515 3089; x_wconf 76' lang='lat' dir='ltr'>Goetzii</span> <span class='ocrx_word' id='word_1_177' title='bbox 549 3023 730 3088; x_wconf 83' lang='lat' dir='ltr'>Asinariam</span> <span class='ocrx_word' id='word_1_178' title='bbox 765 3023 1033 3108; x_wconf 86' lang='lat' dir='ltr'>Amphitruonem</span> <span class='ocrx_word' id='word_1_179' title='bbox 1068 3025 1253 3104; x_wconf 80' lang='lat' dir='ltr'>Poenulum,</span> <span class='ocrx_word' id='word_1_180' title='bbox 1287 3026 1404 3092; x_wconf 78' lang='lat' dir='ltr'>Goetnii</span> 
     </span>
     <span class='ocr_line' id='line_1_25' title="bbox 239 3138 1405 3225; baseline 0.005 -23"><span class='ocrx_word' id='word_1_181' title='bbox 239 3138 439 3203; x_wconf 84' lang='lat' dir='ltr'>Aululariam</span> <span class='ocrx_word' id='word_1_182' title='bbox 469 3138 646 3203; x_wconf 88' lang='lat' dir='ltr'>Bacchides</span> <span class='ocrx_word' id='word_1_183' title='bbox 670 3139 893 3204; x_wconf 82' lang='lat' dir='ltr'>Curculionem</span> <span class='ocrx_word' id='word_1_184' title='bbox 915 3140 1085 3225; x_wconf 79' lang='lat' dir='ltr'>Epidicum</span> <span class='ocrx_word' id='word_1_185' title='bbox 1108 3141 1323 3208; x_wconf 86' lang='lat' dir='ltr'>Mercatorem</span> <span class='ocrx_word' id='word_1_186' title='bbox 1345 3142 1405 3208; x_wconf 81' lang='lat' dir='ltr'>Sti·</span> 
     </span>
     <span class='ocr_line' id='line_1_26' title="bbox 239 3254 1404 3340; baseline 0.006 -22"><span class='ocrx_word' id='word_1_187' title='bbox 239 3254 333 3318; x_wconf 91' lang='lat' dir='ltr'>chum</span> <span class='ocrx_word' id='word_1_188' title='bbox 356 3255 556 3334; x_wconf 85' lang='lat' dir='ltr'>Pseudolum,</span> <span class='ocrx_word' id='word_1_189' title='bbox 580 3255 736 3320; x_wconf 82' lang='lat' dir='ltr'>Friderici</span> <span class='ocrx_word' id='word_1_190' title='bbox 759 3255 909 3320; x_wconf 84' lang='lat' dir='ltr'>Schoellii</span> <span class='ocrx_word' id='word_1_191' title='bbox 931 3256 1080 3340; x_wconf 83' lang='lat' dir='ltr'>Oaptinos</span> <span class='ocrx_word' id='word_1_192' title='bbox 1097 3257 1325 3324; x_wconf 89' lang='lat' dir='ltr'>Menaechmos</span> <span class='ocrx_word' id='word_1_193' title='bbox 1342 3259 1404 3325; x_wconf 89' lang='lat' dir='ltr'>Ru·</span> 
     </span>
     <span class='ocr_line' id='line_1_27' title="bbox 239 3369 1404 3453; baseline 0.003 -19"><span class='ocrx_word' id='word_1_194' title='bbox 239 3372 366 3435; x_wconf 89' lang='lat' dir='ltr'>dentem</span> <span class='ocrx_word' id='word_1_195' title='bbox 382 3369 601 3436; x_wconf 81' lang='lat' dir='ltr'>Trinummum</span> <span class='ocrx_word' id='word_1_196' title='bbox 617 3371 855 3451; x_wconf 76' lang='lat' dir='ltr'>Truculentum</span> <span class='ocrx_word' id='word_1_197' title='bbox 872 3372 1008 3436; x_wconf 90' lang='lat' dir='ltr'>Militem</span> <span class='ocrx_word' id='word_1_198' title='bbox 1022 3376 1054 3436; x_wconf 88' lang='lat' dir='ltr'>et</span> <span class='ocrx_word' id='word_1_199' title='bbox 1066 3371 1236 3437; x_wconf 82' lang='lat' dir='ltr'>Ritschelii</span> <span class='ocrx_word' id='word_1_200' title='bbox 1249 3378 1282 3438; x_wconf 87' lang='lat' dir='ltr'>et</span> <span class='ocrx_word' id='word_1_201' title='bbox 1294 3374 1404 3453; x_wconf 80' lang='lat' dir='ltr'>Brixii‚</span> 
     </span>
     <span class='ocr_line' id='line_1_28' title="bbox 238 3485 1405 3567; baseline 0.003 -16"><span class='ocrx_word' id='word_1_202' title='bbox 238 3487 466 3551; x_wconf 89' lang='lat' dir='ltr'>Mostellariam</span> <span class='ocrx_word' id='word_1_203' title='bbox 490 3491 523 3551; x_wconf 91' lang='lat' dir='ltr'>et</span> <span class='ocrx_word' id='word_1_204' title='bbox 545 3485 714 3551; x_wconf 85' lang='lat' dir='ltr'>Ritschelii</span> <span class='ocrx_word' id='word_1_205' title='bbox 738 3491 769 3551; x_wconf 86' lang='lat' dir='ltr'>et</span> <span class='ocrx_word' id='word_1_206' title='bbox 793 3487 945 3567; x_wconf 84' lang='lat' dir='ltr'>Lorentii‚</span> <span class='ocrx_word' id='word_1_207' title='bbox 970 3487 1101 3552; x_wconf 84' lang='lat' dir='ltr'>Persam</span> <span class='ocrx_word' id='word_1_208' title='bbox 1125 3494 1157 3553; x_wconf 92' lang='lat' dir='ltr'>et</span> <span class='ocrx_word' id='word_1_209' title='bbox 1179 3488 1352 3555; x_wconf 83' lang='lat' dir='ltr'>Ritschelii</span> <span class='ocrx_word' id='word_1_210' title='bbox 1376 3495 1405 3555; x_wconf 93' lang='lat' dir='ltr'>et</span> 
     </span>
    </p>
   </div>
   <div class='ocr_carea' id='block_1_3' title="bbox 237 3600 1406 3691">
    <p class='ocr_par' dir='ltr' id='par_1_7' title="bbox 237 3600 1406 3691">
     <span class='ocr_line' id='line_1_29' title="bbox 237 3600 1406 3691; baseline 0.004 -25"><span class='ocrx_word' id='word_1_211' title='bbox 237 3600 393 3688; x_wconf 85' lang='lat' dir='ltr'>Ussingii,</span> <span class='ocrx_word' id='word_1_212' title='bbox 417 3600 562 3688; x_wconf 84' lang='lat' dir='ltr'>Ussingii</span> <span class='ocrx_word' id='word_1_213' title='bbox 585 3603 732 3667; x_wconf 77' lang='lat' dir='ltr'>Casinam</span> <span class='ocrx_word' id='word_1_214' title='bbox 756 3607 789 3667; x_wconf 91' lang='lat' dir='ltr'>et</span> <span class='ocrx_word' id='word_1_215' title='bbox 812 3603 1034 3683; x_wconf 72' lang='lat' dir='ltr'>Cistellariam</span> <span class='ocrx_word' id='word_1_216' title='bbox 1051 3603 1238 3668; x_wconf 86' lang='lat' dir='ltr'>Vidulariae</span> <span class='ocrx_word' id='word_1_217' title='bbox 1254 3607 1406 3691; x_wconf 87' lang='lat' dir='ltr'>reliquias</span> 
     </span>
    </p>
   </div>
   <div class='ocr_carea' id='block_1_4' title="bbox 237 3718 1411 4383">
    <p class='ocr_par' dir='ltr' id='par_1_8' title="bbox 237 3718 1411 4383">
     <span class='ocr_line' id='line_1_30' title="bbox 239 3718 1407 3787; baseline 0.004 -5"><span class='ocrx_word' id='word_1_218' title='bbox 239 3742 257 3782; x_wconf 91' lang='lat' dir='ltr'>a</span> <span class='ocrx_word' id='word_1_219' title='bbox 280 3718 495 3783; x_wconf 86' lang='lat' dir='ltr'>Studemundo</span> <span class='ocrx_word' id='word_1_220' title='bbox 520 3719 631 3783; x_wconf 89' lang='lat' dir='ltr'>editas.</span> <span class='ocrx_word' id='word_1_221' title='bbox 677 3720 711 3783; x_wconf 90' lang='lat' dir='ltr'>in</span> <span class='ocrx_word' id='word_1_222' title='bbox 729 3719 878 3783; x_wconf 83' lang='lat' dir='ltr'>Terentio</span> <span class='ocrx_word' id='word_1_223' title='bbox 893 3742 968 3783; x_wconf 90' lang='lat' dir='ltr'>usus</span> <span class='ocrx_word' id='word_1_224' title='bbox 984 3742 1051 3783; x_wconf 89' lang='lat' dir='ltr'>sum</span> <span class='ocrx_word' id='word_1_225' title='bbox 1070 3719 1262 3785; x_wconf 89' lang='lat' dir='ltr'>editionibus</span> <span class='ocrx_word' id='word_1_226' title='bbox 1279 3721 1407 3787; x_wconf 86' lang='lat' dir='ltr'>Dziatz·</span> 
     </span>
     <span class='ocr_line' id='line_1_31' title="bbox 237 3833 1409 3920; baseline 0.006 -24"><span class='ocrx_word' id='word_1_227' title='bbox 237 3835 330 3899; x_wconf 82' lang='lat' dir='ltr'>honis</span> <span class='ocrx_word' id='word_1_228' title='bbox 354 3837 386 3898; x_wconf 90' lang='lat' dir='ltr'>et</span> <span class='ocrx_word' id='word_1_229' title='bbox 408 3833 669 3918; x_wconf 85' lang='lat' dir='ltr'>Umpfenbachii‚</span> <span class='ocrx_word' id='word_1_230' title='bbox 693 3836 726 3898; x_wconf 89' lang='lat' dir='ltr'>in</span> <span class='ocrx_word' id='word_1_231' title='bbox 745 3835 935 3920; x_wconf 84' lang='lat' dir='ltr'>fragmentis</span> <span class='ocrx_word' id='word_1_232' title='bbox 952 3834 1156 3900; x_wconf 89' lang='lat' dir='ltr'>Scenicorum</span> <span class='ocrx_word' id='word_1_233' title='bbox 1172 3836 1312 3902; x_wconf 87' lang='lat' dir='ltr'>editione</span> <span class='ocrx_word' id='word_1_234' title='bbox 1328 3837 1409 3903; x_wconf 88' lang='lat' dir='ltr'>Rib-</span> 
     </span>
     <span class='ocr_line' id='line_1_32' title="bbox 238 3950 1408 4038; baseline 0.003 -24"><span class='ocrx_word' id='word_1_235' title='bbox 238 3951 354 4030; x_wconf 79' lang='lat' dir='ltr'>bachii,</span> <span class='ocrx_word' id='word_1_236' title='bbox 379 3950 501 4015; x_wconf 88' lang='lat' dir='ltr'>collatis</span> <span class='ocrx_word' id='word_1_237' title='bbox 524 3951 674 4015; x_wconf 90' lang='lat' dir='ltr'>nimirum</span> <span class='ocrx_word' id='word_1_238' title='bbox 698 3951 788 4015; x_wconf 89' lang='lat' dir='ltr'>libris</span> <span class='ocrx_word' id='word_1_239' title='bbox 812 3954 976 4015; x_wconf 89' lang='lat' dir='ltr'>auctorum</span> <span class='ocrx_word' id='word_1_240' title='bbox 999 3952 1148 4034; x_wconf 88' lang='lat' dir='ltr'>aquibus</span> <span class='ocrx_word' id='word_1_241' title='bbox 1164 3956 1239 4015; x_wconf 91' lang='lat' dir='ltr'>sunt</span> <span class='ocrx_word' id='word_1_242' title='bbox 1253 3959 1408 4038; x_wconf 88' lang='lat' dir='ltr'>usurpata</span> 
     </span>
     <span class='ocr_line' id='line_1_33' title="bbox 238 4066 1409 4150; baseline 0.005 -21"><span class='ocrx_word' id='word_1_243' title='bbox 238 4068 294 4130; x_wconf 90' lang='lat' dir='ltr'>aut</span> <span class='ocrx_word' id='word_1_244' title='bbox 327 4066 514 4150; x_wconf 89' lang='lat' dir='ltr'>conquisita.</span> <span class='ocrx_word' id='word_1_245' title='bbox 560 4066 594 4129; x_wconf 92' lang='lat' dir='ltr'>in</span> <span class='ocrx_word' id='word_1_246' title='bbox 626 4066 744 4131; x_wconf 89' lang='lat' dir='ltr'>fabulis</span> <span class='ocrx_word' id='word_1_247' title='bbox 779 4066 936 4130; x_wconf 89' lang='lat' dir='ltr'>Plautinis</span> <span class='ocrx_word' id='word_1_248' title='bbox 964 4067 1124 4150; x_wconf 89' lang='lat' dir='ltr'>plerisque</span> <span class='ocrx_word' id='word_1_249' title='bbox 1149 4067 1269 4131; x_wconf 84' lang='lat' dir='ltr'>contuli</span> <span class='ocrx_word' id='word_1_250' title='bbox 1295 4069 1409 4135; x_wconf 88' lang='lat' dir='ltr'>editio·</span> 
     </span>
     <span class='ocr_line' id='line_1_34' title="bbox 237 4180 1411 4268; baseline 0.005 -24"><span class='ocrx_word' id='word_1_251' title='bbox 237 4202 310 4245; x_wconf 88' lang='lat' dir='ltr'>nem</span> <span class='ocrx_word' id='word_1_252' title='bbox 333 4180 488 4268; x_wconf 83' lang='lat' dir='ltr'>Ussingii,</span> <span class='ocrx_word' id='word_1_253' title='bbox 511 4182 546 4246; x_wconf 92' lang='lat' dir='ltr'>in</span> <span class='ocrx_word' id='word_1_254' title='bbox 574 4181 807 4266; x_wconf 89' lang='lat' dir='ltr'>Amphitruone</span> <span class='ocrx_word' id='word_1_255' title='bbox 830 4182 995 4246; x_wconf 88' lang='lat' dir='ltr'>Aulularia</span> <span class='ocrx_word' id='word_1_256' title='bbox 1019 4182 1169 4246; x_wconf 88' lang='lat' dir='ltr'>Asinaria</span> <span class='ocrx_word' id='word_1_257' title='bbox 1192 4181 1411 4250; x_wconf 83' lang='lat' dir='ltr'>Bacchidibus</span> 
     </span>
     <span class='ocr_line' id='line_1_35' title="bbox 238 4295 1410 4383; baseline 0.007 -24"><span class='ocrx_word' id='word_1_258' title='bbox 238 4296 335 4361; x_wconf 87' lang='lat' dir='ltr'>etiam</span> <span class='ocrx_word' id='word_1_259' title='bbox 358 4297 483 4378; x_wconf 67' lang='lat' dir='ltr'>Leonis</span> <span class='ocrx_word' id='word_1_260' title='bbox 507 4299 540 4362; x_wconf 92' lang='lat' dir='ltr'>in</span> <span class='ocrx_word' id='word_1_261' title='bbox 563 4296 755 4363; x_wconf 83' lang='lat' dir='ltr'>Truculento</span> <span class='ocrx_word' id='word_1_262' title='bbox 775 4295 949 4383; x_wconf 83' lang='lat' dir='ltr'>Spengelii.</span> <span class='ocrx_word' id='word_1_263' title='bbox 997 4320 1188 4382; x_wconf 89' lang='lat' dir='ltr'>quamquam</span> <span class='ocrx_word' id='word_1_264' title='bbox 1204 4297 1238 4361; x_wconf 91' lang='lat' dir='ltr'>in</span> <span class='ocrx_word' id='word_1_265' title='bbox 1261 4301 1410 4367; x_wconf 88' lang='lat' dir='ltr'>omnibus</span> 
     </span>
    </p>
   </div>
   <div class='ocr_carea' id='block_1_5' title="bbox 0 0 1460 4778">
    <p class='ocr_par' dir='ltr' id='par_1_9' title="bbox 0 0 1460 4778">
     <span class='ocr_line' id='line_1_36' title="bbox 0 0 1460 4778; baseline 0 0"><span class='ocrx_word' id='word_1_266' title='bbox 0 0 1460 4778; x_wconf 95' lang='lat' dir='ltr'> </span> 
     </span>
    </p>
   </div>
  </div>
 </body>
</html>
