2910 4778
679 352 730 401 cn,
759 352 902 400 meurs.
950 337 955 348 '

635 614 699 685 Er
727 613 837 685 libro
867 614 893 684 Ι
905 613 945 687 V.

203 835 245 889 20.
314 881 993 900 ...........
1048 829 1192 901 trtnsit

309 949 479 1023 Melitam
508 953 667 1024 insulam
695 954 885 1047 integrdm
995 953 1184 1026 exercitiis

1055 1077 1269 1166 Romdnus;
1345 1077 1363 1118 '¹²

310 1204 387 1271 urit
415 1202 619 1294 populttnr
637 1203 776 1289 utstat,
885 1225 968 1274 rem
988 1201 1155 1274 hostium
1178 1205 1362 1276 concinnat

895 1390 928 1428 n
958 1364 1166 1434 uicissttim

223 1662 248 1710 ‘.
313 1648 369 1717 sin
399 1645 576 1719 deserunt
604 1647 707 1719 uiros
815 1647 1041 1720 fortissimds
1069 1649 1156 1720 sslos
1353 1648 1371 1688 '¹²

309 1772 487 1864 magmim
517 1772 690 1864 stuprum
718 1772 858 1866 populo
968 1767 1055 1845 fieri
1083 1796 1153 1866 per
1182 1773 1309 1867 gentis

205 1943 248 1995 23.
314 1930 469 2025 seseque
498 1930 560 2004 uel
588 1937 712 2025 perire
821 1933 1020 2004 induolrint
1047 1933 1191 2004 ibidem
1293 1932 1373 1973 ‘³¹‘

317 2081 428 2150 quam
458 2058 542 2128 crim
570 2056 701 2150 stupro
731 2057 855 2129 redire
965 2058 1012 2128 dd
1040 2056 1127 2129 suds
1158 2059 1349 2151 populdris

201 2344 221 2400 l.
249 2364 295 2402 res
320 2346 441 2400 narrata
465 2346 509 2401 est
532 2344 633 2401 similis
658 2344 693 2412 ei,
719 2363 808 2418 quam
831 2343 990 2401 memoriae
1017 2342 1150 2418 prodidit
1173 2341 1283 2402 Liuius
1305 2341 1366 2401 XLI

206 2432 254 2491 15.
282 2434 310 2503 1,
337 2434 365 2490 2.
412 2433 462 2490 sed
485 2452 547 2489 rem
570 2434 713 2490 incertam
730 2436 759 2489 et
774 2433 901 2490 uerbum
917 2432 1077 2490 obscurum
1094 2432 1215 2508 integra
1232 2433 1371 2509 relinquo.

203 2571 244 2581 —
269 2514 494 2615 proicerent
516 2560 569 2615 per
592 2540 734 2614 synizesin
758 2541 915 2615 uulgarem
940 2539 1142 2613 trisyllabum.

308 2650 367 2715 20.
414 2655 562 2713 Nonius
591 2656 641 2712 90.
680 2656 719 2712 23
758 2655 1019 2713 ”Concinnare
1054 2655 1198 2713 conficere
1227 2657 1277 2714 uel
1301 2655 1374 2714 colli-

202 2764 281 2820 gere.
330 2742 527 2816 Nla)euius
554 2745 651 2803 belli
675 2744 831 2802 Poenici
855 2744 918 2802 lib.
937 2743 1033 2801 IIII:
1051 2745 1371 2802 transitMelitnm

203 2832 394 2892 Romanus
431 2833 626 2891 exercitus
658 2834 823 2890 insulam
847 2833 1038 2908 integram
1063 2829 1278 2910 (transposui)
1300 2833 1373 2891 uril-

205 2944 233 2997 p.
270 2943 301 2981 u.
325 2943 350 2980 r.
374 2925 404 2981 h.
429 2922 669 2981 concinnat'’.
761 2922 970 2997 integram,
996 2921 1015 2978 i.
1040 2941 1065 2979 e.
1091 2941 1168 2996 quae
1194 2923 1233 2980 ad
1257 2924 1286 2980 id
1309 2927 1371 2980 tern-

205 3032 261 3086 pus
285 3013 354 3068 belli
380 3013 461 3069 clude
485 3013 596 3068 intacta
621 3012 728 3068 fuerat.

314 3122 369 3187 12.
413 3128 563 3187 ,Nonius
605 3127 676 3184 183.
719 3126 757 3184 16
800 3126 1066 3194 ’'Vicissatim‚
1106 3145 1161 3201 per
1196 3127 1278 3186 uices
1314 3125 1373 3202 (per

201 3216 274 3273 uicit
309 3211 349 3275 Li
389 3217 550 3291 peruicices
584 3211 656 3286 Le).
702 3214 900 3286 Nlnleuius
931 3214 1023 3273 belli
1046 3215 1185 3273 Punici
1209 3216 1275 3274 lib.
1299 3214 1374 3274 IIII

201 3323 232 3361 u.
256 3325 287 3362 n.
312 3309 365 3362 u.’'

309 3415 357 3479 22
382 3414 502 3480 6123.
548 3421 684 3479 Festus
707 3441 736 3495 p.
763 3421 825 3478 160
853 3415 908 3477 ld.
933 3415 970 3476 de
993 3413 1080 3493 Pom,
1106 3419 1169 3476 317
1196 3415 1238 3477 M
1273 3419 1375 3478 '’Stu·

201 3530 302 3585 prum
326 3530 379 3584 pro
404 3510 589 3584 turpitudine
618 3545 651 3551 —
685 3544 719 3551 -
747 3510 937 3567 Naeuius:
957 3508 1374 3583 sesequeiperirema·

201 3600 341 3656 uolunt
365 3599 503 3656 ibidem
527 3619 635 3674 quom
653 3618 733 3656 curn
752 3600 892 3674 †strupro
908 3592 1058 3672 (correxit
1081 3592 1234 3672 Ursinus)
1250 3599 1375 3656 redire

202 3689 246 3744 ad
270 3707 356 3745 suos
380 3688 594 3762 popularis
641 3688 712 3745 item
735 3688 793 3744 sin
817 3688 908 3745 illos
933 3687 1376 3746 deserantiortissimos

200 3777 308 3835 uiros
333 3769 542 3853 (transposui)
566 3798 605 3834 m.
630 3781 668 3834 st.
693 3796 722 3851 p.
747 3778 767 3833 f.
793 3776 1030 3851 pergentis’'.

307 3887 365 3952 22.
411 3885 554 3968 popdlo
578 3911 631 3966 per
654 3911 814 3966 syncopam
836 3892 929 3948 instar
948 3890 1030 3949 uocis
1046 3891 1226 3965 spondaicae
1242 3893 1377 3960 hebetur,

201 4001 296 4056 neque
321 3983 398 4039 enim
422 3982 593 4039 delitescens
616 3981 712 4038 medie
735 3981 846 4039 uocalis
870 3983 935 4039 tota
962 3980 1089 4038 tollitur.

307 4092 367 4156 23.
413 4116 574 4172 seseque
598 4098 659 4154 uel
676 4116 828 4171 :seseq3
852 4094 915 4167 uel]
940 4090 1006 4152 Ze:
1030 4114 1155 4170 seseque
1180 4114 1193 4154 1
1217 4092 1284 4155 cod.
1310 4091 1350 4155 F.
