2910 4778
531 312 601 357 cAr.
621 312 678 358 vn.
698 306 713 371 1
734 314 757 359 5.
1153 316 1237 365 cxix,

166 482 216 545 Ac
259 505 378 562 rursus,
420 484 570 568 queniam
614 485 687 548 inde
730 510 748 548 a
792 486 896 549 medic
936 487 1071 570 septimo
1105 488 1231 552 saeculo

57 600 143 661 suis
168 621 240 661 cunr
265 599 303 661 iis
327 621 408 681 quae
432 603 506 662 sant
530 601 598 664 eius
622 601 749 684 generis
774 602 1023 665 contractionem
1040 603 1108 685 pati
1128 625 1229 685 posse,

56 736 230 797 numquam
246 715 434 797 corripuisse
448 715 593 779 ultimam
607 716 854 779 demonstratum
869 720 917 781 est
929 740 960 800 p.
975 715 1079 782 CXVI
1091 741 1149 801 sq.‚
1164 720 1229 782 eius

55 829 285 893 contractionis
320 831 411 893 initia
436 831 508 894 inde
534 854 552 893 a
576 830 682 894 Plauti
707 834 738 894 et
761 830 904 896 Terentii
929 835 1033 897 aetate
1058 835 1231 918 repetenda

53 951 142 1008 sunt.
190 967 267 1027 qnos
291 946 383 1026 plura
413 946 561 1009 similiter
584 948 778 1010 contraxisse
803 953 912 1011 contra
936 948 1016 1013 aad
1040 949 1228 1013 Muellerum

53 1083 119 1145 ege
155 1083 280 1144 quaque
316 1063 481 1126 contende.
528 1064 590 1125 fuit
618 1063 719 1146 igitur
746 1064 859 1145 priscis
895 1063 974 1127 haec
1009 1065 1162 1129 uarietas:
1199 1069 1231 1128 et

51 1201 154 1241 uerus
189 1179 312 1242 iambus
340 1187 451 1242 sevis
476 1178 637 1259 (sdveis)
662 1182 693 1241 et
723 1183 813 1242 siris
853 1180 962 1262 (abeis)
1002 1184 1034 1243 ct
1067 1202 1127 1244 uox
1164 1204 1230 1244 nic·

1152 1266 1192 1291 V

52 1294 225 1377 nosyllaba
256 1303 342 1358 svis
378 1298 430 1370 (an
467 1299 560 1371 sist)
586 1299 617 1357 et
652 1294 854 1378 pyrrhichius
889 1296 1002 1359 sdvis
1027 1296 1078 1359 uel
1102 1297 1230 1360 sdveis

52 1409 104 1491 (et
129 1411 263 1473 fortasse
287 1410 397 1491 siris).

167 1523 251 1588 Nam
287 1548 379 1608 posse
414 1528 470 1589 ·is
498 1527 755 1590 terminationem
779 1511 878 1590 datiui
905 1531 936 1589 et
961 1528 1104 1608 ablatiui‚
1129 1529 1155 1590 si
1180 1532 1229 1591 est

51 1642 184 1724 syllaba
219 1664 333 1704 uncum
368 1643 587 1719 iambicarum,
624 1643 741 1725 corripi
768 1666 786 1705 a
814 1642 969 1706 Muellerc
993 1645 1230 1725 comprobatum

53 1761 107 1820 est
133 1758 294 1840 exemplis
341 1764 448 1822 Pseud.
476 1765 537 1822 174
563 1758 752 1821 Viriscrini
771 1765 903 1822 suminis.
940 1765 1057 1822 Terent.
1076 1765 1148 1822 Hec.
1167 1767 1228 1823 202

53 1873 171 1937 Viris
207 1882 277 1937 e'sse.
315 1911 354 1917 -
392 1874 496 1937 dolis
531 1881 640 1937 Bacch.
690 1879 785 1938 1005.
822 1911 862 1917 —
899 1881 975 1938 eris
999 1880 1117 1938 ritibiles
1142 1881 1229 1940 Most.

54 1970 135 2026 850.
174 1999 211 2006 —
248 1963 363 2026 bonis
398 1969 524 2025 Mueller
558 1989 587 2043 p.
615 1968 687 2025 150.
715 2000 754 2006 —-
779 1963 880 2026 foris
906 1970 1081 2027 aduerbiunr
1105 1971 1231 2029 Mueller

55 2080 87 2134 p.
120 2057 192 2114 187.
217 2088 257 2095 -
284 2051 409 2115 modis
433 2057 508 2113 Eun.
534 2060 613 2133 trag.
640 2058 679 2114 20
705 2052 742 2114 lt.

169 2166 288 2241 Quibus
324 2167 400 2230 locis
430 2167 511 2230 addo
534 2167 591 2230 hcs
615 2170 815 2250 anapaestos.
863 2175 940 2230 Men.
967 2174 1029 2231 984
1054 2176 1170 2232 111985
1198 2169 1231 2232 B

55 2291 176 2346 Metam
202 2289 232 2346 id
260 2289 330 2346 inihi
356 2288 508 2346 adhibeam
535 2290 653 2363 culpam
677 2289 838 2347 abstineam
864 2310 880 2345 a
905 2309 950 2346 ure
975 2310 1025 2348 ero
1042 2293 1077 2348 ut
1094 2292 1230 2350 erunibus

54 2380 85 2435 in
125 2372 223 2436 locis
258 2383 310 2434 sim
347 2381 466 2452 praesto
501 2376 586 2434 Serui
614 2378 778 2452 quiquam
803 2379 890 2452 eulpa
915 2373 1176 2438 cardntrnetuout
1202 2384 1228 2438 ei

54 2469 156 2524 scient
179 2486 239 2523 csse
264 2460 344 2523 eris
368 2467 498 2524 ritibiles.

161 2694 255 2775 padda
278 2697 405 2756 Plautus
429 2699 520 2756 Stich.
548 2698 608 2756 311
636 2698 782 2756 Scrnndne
806 2716 927 2774 operam
952 2699 1049 2757 datis?
1084 2699 1227 2772 expierian

55 2784 164 2846 feries
200 2791 237 2844 dn
273 2788 366 2845 cubiti
401 2807 434 2846 ac
457 2784 573 2863 pedds
598 2788 664 2862 piris
688 2789 818 2844 ualeant.
867 2788 947 2845 Pers.
974 2788 1036 2845 848
1063 2782 1092 2844 Β
1115 2788 1227 2845 Malum

53 2877 143 2935 ndbis
179 2877 265 2934 debe.
312 2878 354 2934 At
388 2878 442 2935 tibi
477 2881 530 2935 ruis
567 2878 698 2934 dedimus
727 2877 922 2951 dabimrisque
946 2877 1045 2934 etiam.
1071 2876 1096 2933 ei
1120 2871 1228 2935 natis

55 2967 198 3042 peruellit
222 2967 359 3035 (Mueller
382 2986 411 3040 p.
438 2963 525 3041 203).
573 2967 661 3023 Truc.
688 2968 749 3023 655
776 2961 869 3023 Ouis
892 2970 922 3022 in
940 2967 1073 3023 crumina
1090 2967 1144 3023 huc
1160 2960 1228 3038 laic,

55 3057 84 3113 in
122 3057 226 3112 urbem
264 3055 366 3113 de'tnli.
413 3050 472 3112 hirc
508 3057 620 3113 addidit
645 3054 822 3129 Geppertns.
870 3055 979 3112 Bacch.
1007 3054 1087 3111 1121
1114 3055 1132 3111 b
1159 3055 1229 3122 111113

55 3147 144 3202 hasce
179 3146 236 3202 huc
272 3139 362 3202 cuis
397 3145 519 3220 adegit?
542 3139 692 3201 iarnbicns
715 3140 938 3220 peccaternarias
962 3138 1099 3201 catalect.
1145 3144 1230 3200 hasce

57 3229 115 3292 Fr.
142 3228 349 3291 Schraicttias:
374 3235 433 3291 has
482 3234 591 3292 Bacch.
618 3232 701 3291 1140
726 3233 745 3304 b
769 3233 886 3311 Manerte
911 3234 982 3289 haec
1006 3227 1099 3290 onds
1123 3233 1230 3291 uchint

55 3342 111 3381 nos
151 3317 241 3380 iarah.
278 3325 419 3400 pumera.
455 3318 547 3380 1111111.
594 3322 677 3391 Asin.
714 3321 794 3378 *217
831 3313 935 3379 Auris
959 3322 1061 3389 edunt,
1086 3324 1231 3378 necessest

54 3414 155 3470 facere
179 3412 332 3486 sriinptnnr
356 3412 406 3486 qui
431 3415 548 3487 quaerit
564 3413 690 3468 lucrum.
738 3410 830 3467 edunt
853 3405 934 3467 Lea:
951 3410 1130 3469 adsuescunt
1147 3405 1227 3468 libri.

55 3513 89 3559 at
114 3501 186 3558 Aul.
213 3502 275 3558 234
301 3503 331 3557 et
353 3500 462 3558 Pseud.
488 3500 550 3557 812
577 3500 681 3613 1111111111
706 3501 809 3556 utrum
835 3500 930 3556 dicam
946 3519 1000 3573 per
1017 3499 1230 3573 correptionem

53 3621 175 3684 boues
201 3646 237 3681 an
261 3645 313 3700 per
338 3626 569 3683 contractionem
593 3626 706 3682 boues
730 3622 749 3678 i.
774 3642 799 3680 e.
824 3623 909 3694 brie,
935 3624 970 3680 de
995 3643 1053 3698 qua
1078 3642 1150 3681 noce
1171 3622 1231 3680 dixi

53 3737 84 3792 p.
126 3713 176 3774 CX
212 3715 293 3772 'l'rin
330 3714 391 3772 835
428 3714 476 3772 Ita
509 3715 569 3775 iarn
605 3713 691 3788 quasi
715 3707 825 3770 canda
849 3714 929 3770 haud
953 3716 1036 3771 secus
1061 3713 1231 3770 circumsta-

198 3797 233 3818 Α

52 3833 133 3889 hant
168 3849 274 3887 nauern
310 3830 428 3888 turbine
453 3830 544 3887 uenti.
592 3829 712 3886 turbine
737 3823 959 3887 Hermarchus:
990 3827 1123 3884 turbines
1148 3820 1230 3885 libri.

55 3952 98 3960 —-
127 3914 232 3977 fords
256 3920 381 3976 Mueller
408 3919 468 3976 186
494 3938 537 3992 sq.

167 4008 253 4066 Adde
288 4010 369 4065 haec.
416 4008 528 4065 Ennius
554 4027 601 4081 ap.
627 4006 685 4064 Cic.
712 4008 746 4064 de
771 4007 831 4064 din.
857 4006 887 4064 Π
914 4006 964 4063 13.
991 4006 1030 4062 50
1056 4009 1086 4061 et
1109 4005 1143 4060 da
1168 4024 1230 4080 rep.

55 4100 69 4156 l
110 4097 163 4155 18.
190 4097 240 4166 30,
265 4098 301 4154 fr.
327 4101 404 4173 trag.
432 4097 492 4154 201
519 4090 557 4152 It.
605 4095 691 4164 buca
714 4100 758 4154 est
783 4100 850 4153 ante
874 4089 1006 4170 pedride,
1032 4096 1129 4150 ndenn
1153 4109 1231 4166 spec·

53 4190 141 4246 tant:
179 4186 252 4244 caeli
287 4187 459 4244 scrutantrir
494 4186 608 4260 plagae.
643 4185 791 4242 incertum
821 4184 893 4241 mihi
915 4183 1037 4241 uidetur
1060 4181 1122 4238 Mil.
1149 4180 1230 4239 Glcr.

56 4278 99 4334 60
137 4270 323 4333 Moldstae
358 4287 443 4332 sunt:
480 4279 567 4333 crant
595 4274 731 4331 ambiunt
755 4276 956 4348 exdpsecrunt,
983 4273 1017 4328 de
1042 4270 1233 4346 (1110110111-
