2910 4778
139 276 271 335 ‹th'lu
601 304 645 351 DE
663 304 868 352 mannans.

139 455 188 509 cco·
212 452 287 524 San.
312 485 364 549 ep.
390 470 444 536 85.
469 476 522 539 34.
568 476 609 540 cf.
634 475 706 542 Liu.
728 475 837 541 XXIV
861 477 891 542 8.
917 479 957 541 12
981 498 1030 561 sq.
1048 477 1210 543 Erasmus
1224 478 1314 547 4496.

141 597 180 609 --
208 569 285 639 Nou
309 600 348 643 ca
371 591 457 652 cruci
480 591 563 674 lipare
586 592 668 656 debet
683 593 862 657 Mercurius
885 594 1022 678 exsculpi
1045 594 1147 677 Apul.
1173 595 1214 661 da
1235 617 1314 681 mag.

139 702 166 743 θ·
204 686 261 767 43,
297 716 463 779 graecum.
510 704 676 774 Iamblich.
710 731 742 773 u.
770 709 864 794 Pyth.
888 731 916 774 c.
941 710 994 774 24.
1040 710 1202 775 Erasmus
1224 712 1317 779 2447.

138 796 180 861 cf.
207 800 287 873 Hor.
313 817 374 881 sat.
399 815 415 881 I
440 821 469 886 8.
494 824 524 889 2.
571 823 642 888 Sen.
668 846 717 908 ep.
742 825 795 889 85.
818 826 872 890 40.
920 823 1124 890 ”Zenobins'’
1150 827 1250 911 paris.
1271 824 1311 891 lv

140 908 193 1091 Ἀὶ
218 918 311 993 said.
346 934 435 1002 coial.
472 939 535 1004 168
570 940 673 1023 Gaias.
702 937 760 1003 Ἐκ
781 942 891 1010 παντὸς
912 940 1004 1012 &ibon
1026 940 1129 1011 κλῶος
1152 940 1260 1020 γένοιτ’
1281 939 1314 1007 ἂν

137 1044 181 1089 κα
217 1035 306 1111 θεὸς.

251 1267 322 1340 Iam
354 1302 430 1350 uero
455 1307 501 1351 ex
524 1288 695 1353 fabellis
717 1288 770 1352 uel
792 1289 937 1372 gentium
960 1288 1129 1354 ciuitatum
1153 1288 1312 1356 hominum

137 1377 193 1440 uel
231 1390 419 1465 animalium
454 1405 726 1487 animantiumque
762 1404 813 1467 uel
836 1405 972 1487 denique
995 1405 1140 1469 omnium
1163 1429 1245 1491 quae
1266 1408 1313 1471 in-

139 1487 239 1564 ducta
263 1515 339 1574 sunt
360 1520 524 1603 tamquam
547 1519 722 1584 animantia
744 1524 912 1583 sumuntur
934 1521 1115 1603 prouerbia‚
1141 1543 1214 1586 cum
1236 1545 1311 1607 quae

138 1604 263 1684 fabella
300 1629 338 1692 ad
365 1654 561 1700 communem
584 1637 684 1700 uitam
707 1634 871 1700 hominum
894 1636 1049 1700 translata
1073 1639 1133 1702 est.
1182 1660 1221 1702 ea
1242 1661 1312 1725 pro=

139 1730 256 1798 uerbis
281 1748 443 1815 continent
466 1753 678 1816 narrationem
703 1756 758 1815 aut
780 1752 888 1815 fictam
911 1757 967 1816 aut
989 1774 1110 1832 ueram,
1135 1754 1227 1818 cuius
1248 1777 1311 1818 me·-

139 1847 247 1914 moria
269 1864 361 1940 quasi
385 1868 495 1949 paucis
519 1868 626 1932 uerbis
650 1868 768 1931 resedit
785 1868 818 1943 ¹).

252 1972 286 2055 α)
310 1977 420 2045 Sabini
453 1984 535 2068 quod
558 1984 666 2046 ucdrrnt
688 1984 853 2046 sarranium.
901 1981 1029 2049 Scluust
1051 2005 1116 2048 res:
1152 1986 1248 2049 euitat
1268 2007 1306 2049 sc·

139 2089 213 2143 ”⁶³3-
265 2088 368 2160 Podar
390 2105 417 2162 ta
439 2102 494 2184 qai
520 2100 703 2163 conuenit.
755 2098 878 2182 Vupulc
902 2097 1046 2184 Papiria.
1085 2086 1197 2165 ‘Mula
1220 2101 1307 2165 Mani

139 2187 286 2270 Ariciae.
332 2211 492 2278 Romanus
514 2215 644 2279 sedendo
666 2216 775 2294 uincit,
794 2215 928 2278 fortasse
943 2219 1107 2298 sumptum
1124 2217 1176 2281 uel
1192 2239 1233 2280 ex
1247 2239 1309 2281 me—

139 2314 245 2382 moria
270 2321 306 2400 Q.
331 2326 424 2394 Fabii
450 2330 585 2394 Maximi
619 2329 819 2398 Cunctatoris
842 2331 896 2394 uel
916 2353 955 2394 ex
971 2330 1134 2396 obsidione
1151 2331 1306 2397 Veiorum.

252 2437 284 2521 β)
307 2443 383 2529 Ipsa
405 2447 490 2509 clerc
512 2447 575 2510 clla
598 2447 669 2529 cepit
693 2445 807 2510 Catuli.
833 2447 885 2511 94.
910 2448 940 2524 2,
964 2467 1100 2528 quocum
1119 2448 1161 2512 ab
1177 2447 1301 2512 Erasmo

120 2548 307 2622 confertur
341 2563 474 2627 uerbum
509 2561 695 2645 Epicharmi
730 2558 835 2642 Xbrpu
858 2560 891 2622 δὲ
915 2557 1034 2646 φακέας
1055 2557 1150 2646 ἥψετο
1173 2564 1303 2644 (Abruu

139 2652 186 2733 fr·
227 2672 287 2739 17.-
319 2673 416 2762 ἥψατο
443 2677 598 2752 Eraria).
644 2676 704 2742 hoc
727 2678 853 2742 uidetur
877 2699 945 2742 esse
969 2677 1105 2761 petitum
1129 2700 1170 2742 ex
1194 2678 1301 2744 fabella

141 2783 283 2855 quadam
318 2792 533 2877 compluribus
567 2794 717 2878 gentibus
741 2797 825 2858 nota.
871 2794 948 2856 item
972 2791 1050 2857 illud
1074 2794 1182 2859 nescio
1207 2817 1248 2859 an
1268 2793 1302 2857 sit

141 2908 178 2954 ex
203 2898 323 2972 fabella
346 2909 461 2973 Romae
484 2930 587 2989 mures
609 2909 707 2972 molus
730 2910 852 2993 liupuni
879 2907 950 2972 San.
975 2909 1076 2992 Apoc.
1102 2910 1133 2973 8.
1158 2911 1189 2974 3.
1236 2908 1302 2974 Asi-

140 3025 203 3075 998
239 3024 281 3087 cd
308 3027 410 3110 tyrum
438 3022 601 3088 Phaedrus
624 3023 681 3089 VI.
708 3025 747 3087 12
763 3023 877 3089 :AR
901 3025 975 3099 811,
1000 3046 1162 3108 graecum,
1187 3023 1300 3090 Genthe

142 3118 181 3187 de
205 3152 294 3214 prou,
319 3164 350 3224 p.
377 3142 427 3205 10.
475 3138 537 3204 Sus
560 3140 739 3203 Mineruam
762 3138 886 3203 Genthe
903 3162 934 3220 p.
952 3142 981 3204 9.
1028 3139 1177 3204 Rusticus
1193 3161 1299 3225 ecspcc·

141 3271 461 3301 *Nm-*-

256 3370 278 3447 ¹)
301 3378 440 3437 Fabellaa
474 3379 548 3437 tales
582 3397 686 3456 graece
722 3379 910 3455 appellantur
944 3367 1030 3449 αἶνοι,
1055 3377 1165 3453 quibus
1189 3379 1231 3438 ita
1262 3398 1302 3438 co·

141 3459 250 3523 gnatas
274 3485 334 3526 ease
352 3463 517 3544 παροιμίας
539 3471 574 3526 ut
597 3467 634 3525 ab
657 3467 714 3525 illis
739 3467 962 3544 distinguendae
985 3467 1044 3526 sint
1068 3467 1299 3528 docet‘Lnaillns

142 3531 293 3619 (Λοὺκιος
327 3551 447 3632 Anam.)
470 3556 638 3615 Tarrhaeas
661 3577 709 3632 ap.
733 3557 870 3615 Ammon.
894 3577 923 3631 p.
950 3557 967 3613 6
999 3550 1104 3615 Vulck.
1129 3560 1159 3615 et
1184 3559 1301 3634 ”Dioge

140 3629 268 3699 nianus”
304 3641 372 3722 περὶ
406 3648 570 3724 παροιμιῶν
604 3645 619 3704 Ι
653 3666 681 3721 p.
720 3644 780 3704 178
807 3639 1060 3727 Gott.†-·Gcriss.
1081 3639 1187 3724 praef.
1210 3663 1242 3724 p.
1270 3639 1298 3704 V.

141 3717 251 3791 fabella
274 3734 350 3792 enim
374 3735 447 3811 ipsa.
471 3736 521 3793 uel
545 3723 637 3799 αἶνος,
661 3735 685 3792 si
705 3734 734 3792 in
751 3753 898 3792 summam
914 3734 1043 3792 adducta
1058 3738 1103 3792 est
1117 3734 1300 3804 breuitatem,

140 3811 177 3867 ut
199 3824 362 3881 sententiae
386 3823 434 3882 sit
447 3824 521 3894 loeo,
546 3823 718 3882 nominatur
741 3823 847 3899 adagio
870 3823 920 3881 uel
943 3823 1136 3898 prouerbium
1159 3825 1210 3883 uel
1233 3838 1304 3901 arcp

140 3899 236 3977 Οῑμῑα·
283 3912 320 3971 cf.
356 3910 479 3981 Quintil.
514 3913 584 3972 inst.
618 3912 646 3969 V
683 3911 733 3971 11.
771 3911 822 3970 21.
868 3931 922 3970 nec
949 3901 1032 3975 αἶνος
1056 3911 1143 3972 modo
1166 3933 1184 3970 a
1209 3914 1302 3973 bestiis

141 3995 197 4050 aut
230 3999 268 4058 ab
301 4001 337 4061 iis
369 4019 445 4077 quae
468 4001 636 4079 gignuntur
659 4001 688 4059 in
712 4005 792 4059 terra
816 4001 944 4065 ducitur.
969 4001 1133 4060 sedetiam
1157 4002 1195 4061 ab
1220 4002 1305 4063 homi*

139 4076 227 4143 nibus
263 4091 473 4166 gentibusque.
519 4091 666 4166 huiusque
693 4090 808 4166 generis
832 4094 876 4148 est
899 4079 1038 4165 Καρικὸς
1061 4081 1153 4157 αἶνος,
1178 4082 1307 4169 Συβαρι-

140 4168 232 4315 papate,
268 4166 414 4257 Κὺπριος,
451 4171 595 4254 Λιβυκός,
632 4181 668 4238 de
696 4178 803 4254 quibus
828 4179 890 4256 agit
915 4176 1159 4254 '‘Diogenianus”
1183 4181 1204 4240 l.
1230 4200 1255 4242 c.
1277 4201 1306 4258 p.

127 4330 130 4335 Ι
185 4260 274 4343 9sq.
