2910 4778
623 342 826 391 saillaumis.

248 497 329 571 BB.
403 497 508 570 Nlhil
536 520 620 570 cum
649 495 784 569 fidibus
811 497 1013 591 graculost,

408 623 503 694 nlhil
531 646 616 696 cum
643 621 860 695 amaracino
888 623 956 696 sui.

407 784 483 881 llbi
511 811 666 883 nensis
694 811 758 904 qui
785 800 913 898 lucris,

409 932 486 1007 nun
516 940 574 1007 est
602 958 668 1008 cur
696 936 789 1008 uelis
816 939 959 1009 uiuere.

326 1178 333 1194 .
407 1121 451 1193 ln
479 1122 554 1195 alio
582 1122 797 1216 pediculum
824 1122 943 1212 uidae,
1004 1183 1007 1189 .

410 1251 449 1319 ln
476 1251 516 1330 te
545 1258 704 1319 sucinum
732 1247 810 1320 nun
838 1248 966 1321 uides·

411 1434 648 1507 Oorcsslumst
677 1435 777 1527 quod
805 1426 978 1508 homines
1007 1436 1110 1523 lacit,
1161 1431 1164 1439 ’

410 1559 538 1632 cetera
567 1560 766 1652 quisquilia
794 1557 934 1632 omnia.

411 1747 561 1818 Matura
589 1770 702 1842 saepe
731 1744 883 1841 decipit,

410 1871 496 1945 sera
525 1897 731 1969 numquam
760 1878 849 1968 qula
878 1874 979 1945 mala
1005 1874 1066 1945 sit.

253 2058 328 2130 aB.
411 2056 529 2133 Unius
557 2060 720 2154 pecudis
752 2062 895 2134 scabies

408 2185 535 2257 toturn
564 2186 815 2260 coiaimaculut
843 2186 1009 2279 gregem.

248 2419 307 2487 54.
356 2426 507 2487 Gellius
541 2430 634 2504 prael.
674 2428 724 2488 19.
750 2429 891 2487 ”Vetus
916 2429 1094 2504 adagium
1118 2431 1177 2487 est:
1204 2428 1313 2486 ’nihil

139 2535 164 2574 c.
201 2516 223 2573 f.
260 2535 306 2590 gr.
330 2517 429 2575 nihil
454 2537 478 2576 o.
504 2538 530 2575 a.
555 2522 600 2576 S.''
625 2517 721 2575 nihil
749 2551 783 2559 —
812 2518 909 2575 nihil
935 2512 1007 2574 libri
1031 2511 1169 2575 Gallioni
1191 2532 1317 2590 ornnem·

138 2605 181 2662 nil
218 2635 258 2665 -.-
294 2604 367 2662 nihil
401 2599 440 2667 L.
477 2601 614 2664 Mueller
649 2623 674 2663 r.
705 2623 743 2663 nr.
769 2602 821 2678 64,
845 2610 881 2664 ut
903 2607 956 2664 fiat
979 2605 1173 2681 septenarius,
1199 2625 1257 2680 qua
1281 2625 1314 2663 re

138 2693 258 2752 tollitur
290 2694 470 2753 concinnitas
494 2696 656 2754 sententiae
680 2696 777 2770 posita
801 2695 830 2752 in
854 2695 953 2754 uerbis
976 2695 1021 2753 his
1044 2695 1109 2753 loco
1132 2694 1315 2770 syllabisque

140 2783 282 2858 congruis
317 2787 347 2841 et
369 2785 498 2859 pondere
522 2785 689 2861 spirituque
713 2784 844 2861 paribus
893 2784 1044 2843 diuersum
1067 2783 1142 2841 illud
1165 2784 1314 2842 Martialis

138 2870 169 2929 Π
194 2871 225 2928 3.
251 2870 267 2928 1
295 2871 402 2930 ”Sexte
426 2874 521 2932 nihil
546 2874 642 2944 debes,
668 2875 722 2932 nil
748 2874 834 2931 debes
859 2873 945 2932 Sexte
969 2874 1130 2931 fatemur’'.

246 2954 305 3020 55.
352 2960 488 3020 Cicero
513 2983 558 3038 ep.
583 2964 653 3022 fani.
677 2963 737 3020 VH
762 2963 792 3021 3.
817 2964 836 3019 4
863 2964 1011 3021 ”Mortem
1034 2962 1106 3019 mihi
1130 2981 1183 3020 cur
1204 2962 1312 3021 consci-

135 3067 249 3109 scerem
272 3069 360 3108 cansa
384 3070 441 3108 non
465 3052 530 3111 uisa
555 3057 608 3121 est,
634 3072 686 3111 cur
709 3056 844 3127 optarem
860 3053 972 3109 multae
989 3070 1109 3120 cuusae;
1126 3052 1239 3108 uetus
1256 3056 1318 3108 est

136 3138 232 3197 enim:
259 3138 341 3197 ’Ubi
364 3158 436 3197 non
457 3142 508 3199 sis
525 3143 589 3217 qui
607 3142 727 3200 fueris
744 3160 815 3200 non
832 3159 912 3200 esse
929 3140 1315 3198 curuelisuiuere''’.

136 3258 179 3266 —
217 3223 281 3285 iarn
303 3228 407 3286 uiuere
432 3223 643 3287 Buechelerns
665 3249 786 3288 uersum
809 3231 991 3305 interpolans
1015 3231 1050 3287 ut
1072 3228 1156 3286 fieret
1179 3231 1314 3303 septena-

122 3316 210 3377 rius.
251 3350 285 3359 -
324 3317 448 3378 fueris
480 3339 511 3377 u.
546 3314 659 3376 Neue²
694 3320 724 3378 ΙΙ
765 3340 795 3395 p.
823 3318 896 3377 597.
926 3353 960 3362 -
988 3318 1050 3377 Hos
1073 3335 1177 3376 uersus
1200 3317 1318 3393 origine

136 3424 198 3464 non
232 3407 390 3481 populares
423 3408 585 3483 prouerbii,
621 3409 681 3473 sed,
718 3412 753 3466 ut
793 3409 844 3478 63,
870 3408 905 3466 de
930 3408 1053 3482 antiqno
1076 3407 1206 3464 carmine
1229 3426 1314 3482 prae·

137 3498 293 3570 ceptorum
322 3514 384 3554 esso
407 3496 552 3556 existimo.
599 3492 704 3555 uelis
727 3498 843 3556 iambus
866 3516 921 3573 pro
944 3493 1125 3574 pyrrhichio
1171 3494 1316 3554 Erasmus

140 3583 225 3642 1745
251 3603 358 3659 graeca
382 3585 468 3644 affert
492 3586 609 3653 similia,
633 3586 684 3645 sed
707 3604 765 3644 non
789 3587 901 3644 eadem.

246 3667 305 3732 56.
352 3673 559 3734 Petronius
594 3695 619 3734 c.
658 3675 709 3734 57.
740 3676 899 3752 peduclum
924 3668 1100 3751 Petronius,
1124 3677 1160 3733 ut
1182 3673 1244 3731 uid.
1271 3703 1312 3711 —

136 3761 264 3820 sortasse
298 3762 410 3837 primo:
446 3763 482 3821 in
517 3767 595 3823 tote
630 3794 670 3805 -
709 3795 750 3803 --
787 3794 838 3824 —.
891 3758 1080 3827 ricinum.
1115 3768 1152 3823 ut
1185 3755 1313 3822 ricini

138 3844 356 3910 Salomon-icus
380 3853 442 3910 692
468 3848 506 3910 B.

247 3933 306 4000 57.
352 3939 563 4001 Petronius
591 3961 615 4000 c.
636 3941 685 4000 75.
710 3975 742 3984 -
763 3941 800 4000 cl.
817 3941 915 3999 Varro
932 3961 979 4017 ap.
997 3942 1089 4000 Prisc.
1106 3940 1121 3997 Ι
1138 3940 1212 3998 209.
1231 3939 1249 3996 3
1267 3931 1314 3997 Η.

245 4022 305 4089 58.
351 4026 418 4088 scil.
435 4032 521 4090 satio.
538 4030 754 4090 Columella
769 4031 812 4088 XI
829 4031 858 4088 2.
878 4030 929 4090 80.
947 4031 984 4088 et'.
1001 4030 1078 4089 Plin.
1091 4028 1195 4088 XVIII
1207 4028 1223 4097 ἕ
1237 4027 1312 4087 204.

247 4111 306 4177 59.
354 4118 610 4197 Hieronymus
634 4124 799 4179 comment..
816 4120 845 4177 in
871 4117 937 4178 Gal.
961 4119 1087 4179 111489
1107 4118 1314 4177 ”iuxtauul-

135 4225 231 4282 gare
253 4208 520 4283 prouerbium:
547 4209 676 4269 ’Unius
699 4230 728 4285 p.
753 4230 783 4286 p.
799 4228 846 4271 sc.
863 4213 886 4267 t.
904 4228 929 4267 c.
947 4211 1044 4285 gr.”'.
1063 4237 1101 4246 -
1121 4207 1158 4266 ef.
1175 4206 1314 4265 quenal.
1384 4202 1386 4207 ’

138 4295 170 4355 II
196 4294 246 4366 79,
272 4296 325 4354 80.
353 4297 510 4367 .Ambros.
535 4298 649 4357 deiide
675 4301 692 4357 5
718 4300 794 4374 prol.
812 4301 842 4358 4.
889 4297 962 4357 Otto
985 4296 1054 4355 WA
1077 4295 1123 4355 III
1147 4296 1199 4355 63.
