2910 4778
504 353 532 404 c.
561 351 784 401 ounnoonnoms,
1180 325 1228 396 57

75 519 102 574 8.
166 503 212 582 De
239 500 361 582 tabula
391 498 424 580 t.
452 501 582 581 Aemilii
610 499 738 598 Regilli.
797 529 831 577 o.
861 529 896 576 o.
926 527 954 577 c.
985 499 1138 575 DLXX
1143 500 1185 574 V.

141 667 265 757 duello
294 668 432 763 magud
461 667 673 742 dirime'ndo
755 664 907 760 re'gibr'rs
935 662 1162 759 subigendis.

76 895 103 948 9.
158 876 204 957 lle
231 874 348 956 tabula
377 875 417 954 ll'
445 875 541 954 Acilii
569 874 765 955 Glabrionis.
821 906 854 954 o.
884 906 919 953 o.
949 903 977 952 c.
999 874 1229 953 DLXXHI.

141 1043 267 1114 fundit
295 1042 402 1134 fugat
429 1041 642 1136 prosternit
722 989 908 1113 maximds
935 1038 1115 1134 legiones.

167 1225 201 1289 8.
248 1229 405 1288 Caesius
440 1230 582 1289 Bassus
612 1250 642 1306 p.
670 1228 708 1288 10
733 1223 1089 1315 K.=GLK.y1265.
1128 1222 1233 1281 Liuius

59 1319 113 1377 XL
140 1320 190 1377 52.
217 1322 245 1389 5,
272 1320 301 1376 6.
441 1329 442 1332 ’

171 1409 215 1466 De
241 1409 346 1466 tabula
370 1408 404 1466 T.
430 1407 603 1477 Quinctii
627 1407 854 1477 dictatoris,
879 1406 1058 1482 quaefacta
1082 1406 1126 1462 cst
1149 1421 1176 1460 a.
1199 1421 1232 1460 u.

61 1517 88 1556 c.
125 1495 331 1567 OOCLXXW,
366 1496 471 1555 Liuius
505 1497 549 1555 VI
585 1496 635 1554 29.
673 1497 690 1554 8
727 1497 799 1555 haec
821 1495 979 1554 memoriae
1002 1491 1149 1570 prodidit:
1176 1491 1232 1550 '’T.

61 1585 200 1656 Quintius
239 1621 274 1628 -
313 1586 500 1662 triumphans
535 1586 653 1662 signum
677 1585 835 1644 Praeneste
859 1586 1016 1642 deuectum
1039 1581 1119 1640 Iouis
1142 1580 1232 1655 impe·

60 1675 169 1734 ratoris
203 1675 233 1733 in
268 1673 447 1750 Capitolium
478 1675 558 1732 tulit.
606 1674 774 1733 dedicatum
797 1679 842 1732 est
864 1674 942 1732 inter
965 1673 1068 1731 cellam
1093 1668 1173 1728 louis
1197 1687 1232 1726 ac

60 1764 224 1831 Mineruae,
259 1764 422 1839 tabulaque
457 1764 512 1822 sub
548 1782 582 1821 eo
614 1763 681 1832 fixa,
705 1766 930 1822 monumentum
954 1780 1054 1819 rerum
1077 1761 1230 1835 gestarum

60 1853 106 1912 his
141 1854 232 1910 ferme
259 1853 366 1910 litteris
389 1852 463 1910 l'uit:
489 1852 668 1928 luppiter
691 1857 807 1928 atque
831 1851 912 1910 diui
936 1867 1062 1909 omnes
1085 1849 1154 1906 hoc
1178 1847 1232 1904 de-

62 1943 203 2000 derunt
236 1944 278 1999 ut
312 1941 346 1999 T.
378 1940 584 2010 Quinctius
608 1941 782 1999 dictator
805 1940 947 2017 oppida
970 1957 1104 1997 nouem
1128 1955 1232 2011 cape-

62 2033 155 2088 rot’'.
201 2029 240 2088 llo
256 2030 393 2093 Festus
409 2051 439 2105 p.
458 2030 520 2088 550
541 2025 597 2088 'lle
614 2025 651 2087 de
667 2024 703 2088 P.
718 2053 759 2077 =
774 2030 836 2087 363
855 2023 904 2088 M.
923 2028 1140 2086 ’'Trientem
1156 2028 1235 2083 ter-

60 2119 158 2178 tium
191 2120 314 2195 pondo
350 2138 525 2178 coronano
562 2138 715 2177 auream
750 2119 901 2177 dedisse
925 2137 962 2176 se
986 2115 1072 2176 Ioui
1096 2116 1232 2173 donum

64 2207 185 2283 scripsit
209 2208 242 2265 Τ.
268 2207 423 2277 Quinctius
447 2208 578 2266 dictator
601 2202 765 2282 (Morrrrrrss
788 2209 857 2266 dict.
883 2253 890 2266 .
922 2200 1042 2279 Ursiro.)
1066 2223 1146 2263 cum
1168 2222 1235 2278 per·

63 2316 198 2356 nouem
235 2297 314 2355 dies
348 2297 509 2355 totidem
546 2298 661 2355 urbes
685 2301 721 2354 et
745 2297 925 2355 decimam
950 2295 1160 2353 Praeneste
1184 2310 1233 2349 ce·

61 2386 213 2462 pisset.''
251 2416 290 2424 —-
323 2405 358 2443 er
380 2386 425 2444 his
449 2387 593 2444 ambobus
616 2386 688 2444 locis
711 2385 790 2444 Liuii
814 2389 844 2443 et
866 2383 947 2443 Festi
969 2382 1087 2441 restitui
1109 2383 1236 2457 possunt

60 2476 137 2534 tales
165 2475 225 2533 fere
249 2475 390 2533 saturnii:

62 2563 79 2596 *
103 2564 283 2640 Irippitdr
307 2564 512 2638 deiuoique
559 2567 684 2622 dmnes
708 2564 776 2621 hdo
800 2563 991 2621 dederunt

63 2651 79 2684 *
103 2651 240 2723 T(itus)
266 2651 472 2722 Quinotids
496 2653 671 2711 dictator
716 2648 816 2709 orator
838 2647 876 2708 uo'
895 2650 979 2709 utel
1004 2650 1162 2724 ca'perct

63 2746 79 2779 *
103 2761 170 2818 per
193 2741 273 2815 dits
298 2745 429 2800 none'nr
454 2761 587 2800 nouem
609 2741 724 2799 drbes
770 2744 806 2798 et
830 2738 1232 2798 deemderaene'ste.

65 2828 80 2861 *
105 2825 139 2888 ob
162 2824 252 2888 heisco
274 2826 323 2888 res
346 2825 417 2887 beno
430 2827 531 2906 postas
576 2833 730 2888 tuream
753 2832 930 2888 coronam

64 2917 79 2950 *
104 2918 288 2977 trientem
310 2920 472 2977 tertirirn
518 2920 642 2994 pondd
666 2918 783 2995 Dioui
807 2918 872 2976 dat
895 2919 1034 2976 donum.

64 3008 105 3066 Et
129 3007 270 3082 quoniam
294 3028 329 3066 ex
351 3009 406 3066 hoc
430 3009 493 3084 ipso
517 3009 649 3083 exemplo
673 3007 744 3066 satis
768 3011 893 3083 apparet
915 3024 994 3064 uano
1014 3003 1165 3064 conamine
1181 3020 1234 3060 nos

62 3097 167 3156 ludere
200 3095 225 3155 si
259 3097 396 3172 antiquos
431 3116 569 3156 numeros
604 3115 707 3155 eorum
731 3096 895 3154 carminum
918 3095 1071 3154 studemus
1094 3110 1235 3151 reuocare

64 3205 193 3262 quorum
229 3204 287 3244 non
321 3189 384 3243 tam
418 3187 511 3244 uerba
535 3206 625 3260 quam
648 3184 835 3255 sententiam,
860 3204 913 3242 nec
937 3203 1001 3241 eam
1025 3201 1140 3257 semper
1162 3181 1234 3238 inte-

64 3294 152 3351 grem
174 3277 291 3333 ueteres
315 3279 450 3333 auctores
473 3274 557 3333 nobis
573 3275 773 3342 tradiderunt,
790 3274 982 3348 intemptatae
998 3272 1134 3346 relinquo
1151 3269 1234 3328 tabb.

65 3362 102 3422 L.
137 3362 256 3421 Aemilii
290 3384 317 3420 a.
352 3362 490 3433 DLXXV
525 3367 556 3421 et
586 3363 630 3421 Ti.
655 3362 820 3439 Sempronii
843 3382 870 3420 a.
895 3360 1041 3431 DLXXX,
1067 3359 1234 3435 dequibus

64 3451 170 3510 Liuius
197 3450 250 3510 XL
275 3453 327 3512 52.
351 3453 371 3508 4
395 3456 425 3509 et
447 3451 517 3510 XLI
542 3453 592 3510 28.
619 3452 649 3511 8.

173 3535 207 3601 9.
253 3540 410 3600 caesius
434 3541 576 3599 Bassus
600 3542 620 3598 l.
645 3560 674 3615 q.
699 3542 728 3599 d.
753 3540 790 3598 cf.
815 3538 919 3597 Liuius
942 3537 993 3596 XL
1011 3538 1063 3596 34.
1090 3539 1119 3607 5,
1144 3538 1173 3595 6.

174 3683 298 3741 Praeter
332 3684 384 3741 hos
416 3683 475 3741 duo
498 3701 603 3741 uersus
627 3682 794 3740 afferuntur
817 3701 834 3739 e
857 3678 1058 3757 grammaticis
1081 3681 1235 3753 tamquam

64 3771 276 3847 triumphales:
691 3797 694 3802 ’

122 3860 297 3937 magndm
321 3861 516 3919 nunrerdm
540 3860 757 3936 triumphat
802 3858 982 3919 hdstibds
1007 3855 1175 3916 deuictis

174 3948 480 4009 Pseudo-Censorinus
509 3968 533 4007 c.
561 3949 611 4007 14.
637 3949 676 4006 97
701 3943 784 4007 Iolen
797 3971 839 3996 =
854 3947 943 4007 GLK.
968 3946 1012 4004 Vl
1037 3947 1128 4015 265.;
1152 3947 1182 4002 et

121 4041 284 4098 summas
307 4043 396 4114 opes
420 4039 485 4115 qui
508 4041 638 4115 regum
684 4037 813 4114 regias
835 4036 1015 4112 refre‘git.

589 4127 699 4186 Atilius
726 4126 961 4185 Fortunatianus
987 4124 1060 4182 293.
1085 4116 1127 4180 K.

64 4220 229 4293 utrumque
252 4217 417 4293 exemplum
441 4217 574 4292 suspicor
597 4234 659 4276 esse
682 4235 699 4274 a
723 4214 825 4274 Caesio
849 4218 902 4273 aut
925 4214 1025 4289 aliquo
1041 4209 1236 4289 grammatico

64 4305 180 4365 fictum.
