2910 4778
145 292 217 364 110
618 318 668 366 cs.
697 318 838 365 xssrrvs.

139 484 183 537 42.
247 494 360 565 quam
387 472 572 565 liquidum
629 529 971 545 ......
1028 496 1182 546 amnem

250 743 309 810 42.
355 750 495 808 Festus
529 770 558 825 p.
595 749 658 807 414
697 744 752 807 Tb.
777 744 814 807 de
838 742 928 826 Pera,
954 751 1017 808 293
1042 743 1085 808 M
1107 745 1164 808 sub
1180 746 1305 809 lemmate

144 837 265 897 Sublicii
289 839 403 915 pontis:
430 842 459 897 '’.
486 883 493 898 .
518 882 525 897 .
573 839 625 915 qui
648 839 690 897 ait
712 839 743 896 in
765 839 862 897 belli
886 882 893 896 .
919 884 926 897 .
953 884 959 897 .
985 883 992 897 .
1019 859 1129 916 quam
1156 874 1192 883 -
1222 844 1284 900 —'’.

249 1124 280 1182 Si
313 1143 400 1183 ueros
434 1124 582 1182 saturnios
618 1128 807 1199 agnouerunt
841 1123 875 1181 L.
912 1123 1039 1202 Spengel
1075 1128 1107 1182 et
1129 1125 1166 1184 L.
1192 1126 1302 1184 Mueller

141 1214 171 1271 in
194 1213 322 1271 Varron.
346 1214 367 1270 l.
391 1213 411 1270 l.
438 1212 496 1270 VII
519 1213 535 1281 ἓ
559 1213 611 1282 45,
635 1213 676 1271 sic
700 1232 749 1271 eos
773 1214 953 1273 scandendos
978 1232 1100 1273 censeo:

299 1302 572 1361 Volturnalem
596 1300 841 1360 Palatudlem
865 1302 1092 1361 Fririndlem

299 1390 490 1450 Floraldm
514 1390 712 1449 l'aldcrenr
736 1396 772 1449 et
795 1390 1037 1451 Pomonalem
1062 1392 1167 1450 fecit

301 1481 361 1538 hic
384 1480 482 1537 idern
529 1523 1092 1539 ...........

141 1588 193 1627 nec
227 1573 327 1627 tamen
363 1571 464 1627 curent
488 1569 588 1642 aliqua
611 1567 806 1627 dubitatione.
854 1570 933 1643 quod
958 1569 982 1626 si
1004 1589 1076 1628 uere
1100 1570 1183 1629 bello
1206 1569 1304 1628 Punico

144 1658 284 1717 attribuit
318 1657 391 1716 Luc.
427 1658 553 1715 Mueller
576 1657 652 1715 Phil.
677 1657 777 1715 XLIII
800 1678 829 1733 p.
856 1659 896 1716 88
921 1677 997 1734 sqq..
1021 1677 1081 1717 non
1104 1659 1215 1734 primo,
1239 1659 1306 1735 quod

141 1749 214 1805 uult
236 1748 370 1815 Mueller,
396 1747 446 1804 sed
469 1746 598 1804 secundo
620 1746 697 1805 libro
721 1747 904 1805 attribuendi
926 1751 1005 1805 sunt.

198 2033 436 2092 Testimonia
460 2033 501 2091 de
525 2038 755 2108 argumento
779 2033 961 2092 carminIs
984 2033 1080 2091 belli
1104 2034 1255 2093 Punici.

250 2192 400 2253 Gellius
424 2193 511 2251 XVII
536 2193 587 2251 21.
614 2194 653 2251 45
680 2192 745 2262 (Cn.
770 2188 933 2267 Naeuium)
957 2194 996 2251 M.
1014 2193 1145 2253 Varro
1162 2195 1307 2253 inlibro

32 2276 35 2281 ’
141 2284 183 2341 de
206 2284 333 2359 poetis
356 2283 477 2358 primo
500 2282 646 2358 stipendia
670 2282 771 2341 fecisse
795 2283 837 2340 ait
859 2283 937 2341 bello
959 2282 1086 2341 Poenico
1103 2284 1213 2358 primo,
1230 2285 1306 2359 idque

143 2373 238 2448 ipsum
276 2372 425 2429 Naeuium
460 2371 555 2429 dicere
589 2372 619 2429 in
644 2372 772 2429 carmine
797 2372 877 2446 quod
900 2371 935 2428 de
958 2372 1061 2429 eodem
1085 2372 1167 2432 bello
1190 2372 1304 2448 scripsit.

248 2478 409 2537 Seruius
441 2478 477 2535 ad
502 2478 575 2537 Aen.
599 2479 615 2536 Ι
641 2479 701 2536 170
727 2477 846 2536 Nouam
869 2481 970 2536 tamen
992 2498 1054 2536 rem
1079 2479 1216 2539 Naeuius
1239 2479 1305 2538 bello

140 2568 253 2627 Punico
292 2567 371 2638 dicit,
410 2587 501 2624 unam
540 2586 647 2625 nauem
684 2567 822 2625 habuisse
857 2567 987 2625 Aeneam
1021 2587 1115 2642 quam
1151 2568 1304 2628 Mercurius

140 2657 252 2716 fecerit.

247 2763 464 2823 Macrobius
499 2762 542 2819 VI
580 2764 608 2819 2.
645 2762 685 2820 31
723 2763 757 2820 In
792 2762 937 2838 principio
971 2763 1121 2821 Aeneidos
1156 2766 1305 2839 tempestas

142 2854 319 2913 describitur
354 2856 384 2910 et
418 2851 519 2909 Venus
554 2852 634 2926 apud
669 2851 772 2909 Iouem
807 2852 943 2927 queritur
979 2882 1019 2889 —-
1055 2851 1104 2910 hic
1128 2853 1213 2911 locus
1236 2856 1305 2910 totns

29 2935 32 2940 ¹
142 2946 279 3019 sumptus
304 2963 321 2999 a
344 2941 460 2999 Naequ
484 2944 528 2998 est
552 2960 587 2997 ex
610 2940 706 3015 primo
729 2941 806 2999 libro
829 2941 898 2998 belli
924 2940 1035 2998 Punici.
1083 2940 1146 2999 illic
1169 2942 1248 2999 enim
1269 2959 1305 2997 ae

141 3052 198 3108 que
233 3033 334 3090 Venus
369 3030 503 3088 Troianis
538 3033 714 3105 tempestate
748 3029 953 3088 laborantibus
989 3048 1057 3087 cum
1080 3029 1156 3087 Ioue
1181 3031 1306 3106 queritur

139 3127 169 3181 et
191 3125 333 3181 secuntur
354 3120 448 3178 uerba
471 3119 551 3178 Iouis
574 3118 665 3176 filiam
689 3118 866 3177 consolantis
889 3137 940 3192 spe
963 3119 1149 3176 futurorum.

248 3227 407 3285 Seruius
442 3226 616 3283 Danielis
653 3225 689 3282 ad
723 3224 798 3283 Aen.
825 3225 840 3282 Ι
865 3224 1049 3282 198-207.
1097 3225 1140 3283 Et
1162 3196 1246 3285 totus
1267 3225 1307 3283 bic

140 3321 222 3376 locus
247 3317 281 3374 de
305 3316 402 3373 Naeui
425 3309 456 3372 Ι0
481 3307 660 3388 (Baehrens
687 3317 712 3378 ξξ
743 3307 871 3389 Naeuio)
894 3313 964 3371 belli
987 3313 1094 3372 Punici
1117 3314 1198 3374 libro
1222 3319 1303 3373 trans·

142 3408 221 3465 latus
245 3411 299 3464 est.

247 3512 391 3570 Paulus
425 3531 455 3586 p.
493 3512 533 3568 20
569 3511 599 3568 M
635 3510 792 3568 Aenariam
829 3511 1016 3586 appellauere
1046 3509 1160 3580 locum,
1186 3511 1240 3570 ubi
1261 3511 1307 3568 Ae-

146 3622 214 3662 neas
239 3603 360 3660 classem
385 3621 401 3657 a
426 3600 514 3657 Troia
538 3599 658 3657 ueniens
683 3599 808 3674 appulit.

247 3707 408 3767 Seruius
442 3706 618 3764 Danielis
661 3707 698 3763 ad
733 3706 806 3764 Aen.
843 3705 885 3764 IX
911 3705 972 3763 712
997 3704 1150 3780 Prochyta
1182 3708 1308 3764 —hanc

140 3799 273 3858 Naeuius
307 3797 337 3854 in
372 3797 467 3873 primo
501 3795 572 3853 belli
605 3794 711 3853 Punici
746 3795 781 3852 de
812 3798 938 3871 cognata
961 3794 1080 3851 Aeneae
1104 3813 1217 3853 nomen
1241 3813 1311 3854 acce

162 3890 216 3947 isse
242 3888 323 3945 dicit.

141 3910 160 3965 p
247 3992 480 4052 Lactantius
515 3992 584 4048 inst.
621 3991 682 4049 diu.
717 3989 732 4047 I
768 3992 786 4048 6
823 3994 962 4064 quartam
997 3987 1172 4065 (Sibyllam)
1198 3990 1313 4050 Cimme-

141 4085 215 4142 riam
239 4083 268 4140 in
292 4082 389 4150 Italia,
415 4100 502 4155 quam
527 4080 660 4138 Naeuius
684 4080 714 4137 in
737 4078 820 4137 libris
844 4079 914 4137 belli
937 4078 1041 4137 Punici
1065 4080 1217 4140 nominat.

248 4188 407 4247 Seruius
431 4187 467 4243 ad
483 4187 558 4245 Aen.
582 4186 625 4243 IV
651 4187 679 4243 9.
728 4184 817 4244 Cuius
841 4185 917 4242 filiae
940 4184 1054 4243 fuerint
1078 4186 1171 4246 Anna
1196 4194 1227 4248 et
1241 4187 1313 4245 Dido

142 4279 274 4339 Naeuius
299 4277 381 4335 dixit.
