2910 4778
226 303 353 350 CXLVIII
675 302 720 349 DE
738 302 944 349 SENTENTIIS.

226 498 305 541 cena
327 473 472 553 comcsa',
498 474 600 540 'anser
623 476 707 539 inter
729 474 841 540 olores’
867 474 939 539 'non
963 498 1055 540 corus
1079 498 1159 540 curo
1185 475 1323 556 contm',
1347 475 1399 541 'in-
1426 520 1433 553 ,

227 592 328 656 currit
361 592 395 655 in
426 592 608 670 columnas,
635 594 715 656 'oras
738 592 844 669 credo,
868 591 963 656 hodie
987 592 1089 671 nihil‘‚
1115 592 1189 657 'hac
1213 594 1322 676 lupus,
1344 591 1397 656 hac

226 709 336 786 canis,
361 707 434 772 'mel
456 707 560 786 huius,
584 709 629 772 t‘el
653 706 780 786 meum',
806 705 874 791 'par
898 707 968 791 pari
992 707 1186 792 respondet,
1203 709 1292 793 qnod
1309 708 1398 773 etiam

226 846 377 911 graecum
401 827 459 904 est,
484 822 568 889 'noui
591 846 652 910 ego
673 822 818 902 nostros,
836 821 912 887 'tem
929 824 1015 907 perit
1030 846 1126 908 quarn
1142 827 1294 889 extrema
1309 823 1397 901 faba',

228 940 270 1006 'et
303 941 407 1005 oleum
443 946 474 1003 et
508 960 636 1023 operam
660 937 807 1023 perdidi',
833 937 955 1003 ’haeret
978 938 1057 1004 haec
1081 938 1154 1018 res'‚
1181 939 1290 1024 perii,
1313 940 1397 1023 plau·

226 1061 327 1120 strum
349 1055 494 1140 perculi’‚
520 1055 631 1139 'pallas
656 1056 739 1119 inter
762 1057 881 1139 pecus,
908 1056 958 1119 'ad
982 1060 1099 1119 rastros
1115 1078 1168 1119 res
1184 1056 1294 1134 redis,
1323 1056 1396 1120 'obi-

225 1173 282 1236 stis
306 1172 413 1236 dulces
437 1173 582 1249 caricae,
609 1171 707 1254 'prius
731 1171 910 1235 antidotum
934 1193 1031 1255 quam
1054 1174 1225 1235 uenenum'
1245 1171 1327 1254 (scil.
1344 1172 1394 1235 ad·

227 1288 342 1367 bibes),
371 1289 480 1352 ’uerba
503 1289 570 1352 sine
594 1310 679 1370 penu
703 1291 735 1351 ct
759 1287 916 1371 pecunia',
942 1290 1008 1350 'aut
1031 1287 1152 1371 piscem
1176 1288 1246 1352 olet
1269 1287 1398 1352 331116-

227 1406 316 1469 rem'.
341 1439 382 1450 -
407 1403 466 1468 hoc
490 1426 602 1489 genus,
626 1425 705 1486 quas
728 1402 903 1467 locutiones
927 1403 1145 1487 prouerbiales
1163 1404 1306 1482 nomino,
1323 1425 1398 1467 sem-

228 1541 287 1602 per
310 1521 451 1604 pertinet
474 1521 514 1583 ad
537 1520 570 1583 id
594 1519 840 1604 significandum
863 1520 946 1603 quod
969 1520 1103 1604 quodum
1126 1526 1263 1604 ternpore
1285 1519 1400 1584 factum

228 1658 296 1699 esse
332 1640 387 1699 aut
414 1635 484 1699 fieri
508 1638 563 1698 cut
586 1635 728 1698 futurum
752 1656 821 1699 esse
846 1635 980 1698 dicatur.
1025 1634 1106 1698 haec
1129 1634 1322 1718 rhythmum
1343 1657 1400 1700 non

228 1750 349 1816 habent
382 1750 444 1814 nisi
480 1749 622 1815 fortuito.
669 1751 806 1814 alterum
834 1753 940 1815 cutem
964 1772 1065 1835 genus
1090 1754 1138 1814 est
1161 1751 1400 1816 sententiarum.

229 1889 284 1931 eae
320 1867 505 1952 significant
535 1870 590 1931 cut
613 1867 690 1951 quid
710 1866 783 1948 fieri
805 1867 900 1948 soleat
923 1871 978 1930 aut
1001 1867 1079 1951 quid
1099 1867 1171 1949 ficri
1194 1874 1349 1952 oporteat,
1370 1872 1401 1930 ut

229 1981 305 2049 'Ubi
329 1983 433 2061 amici,
457 1983 502 2046 ibi
526 1985 624 2065 opes,
650 1982 774 2047 'Manus
797 2005 927 2046 manum
950 1983 1060 2062 lauat',
1090 1982 1183 2046 'Rem
1199 1987 1286 2061 tene,
1305 1984 1398 2047 uerba

229 2101 411 2183 sequentur'
430 2099 466 2181 1).
513 2121 620 2162 eorum
642 2102 886 2182 praeceptorum
903 2098 1003 2162 multa
1019 2102 1093 2162 sunt
1108 2100 1200 2182 quasi
1217 2099 1403 2164 breuissima

230 2215 382 2294 carmina,
417 2237 551 2297 quorum
586 2213 754 2298 rhythmus
789 2215 858 2278 sine
894 2214 990 2279 dubio
1013 2215 1177 2298 quaesitus
1201 2217 1263 2294 est,
1287 2237 1352 2299 quo
1374 2219 1403 2278 et

229 2330 355 2394 facilius
389 2333 574 2409 tenerentur
608 2330 768 2394 mentibus
803 2335 835 2394 et
869 2331 990 2395 animos
1026 2332 1157 2417 grauius
1181 2334 1353 2396 mouerent
1374 2334 1402 2394 et

231 2447 390 2510 suauitate
414 2447 539 2510 numeri
556 2446 853 2510 commendarentur
870 2447 1009 2511 auribus.
1046 2450 1078 2510 et
1094 2447 1247 2530 quoniam
1263 2447 1402 2532 rhythmi

200 2588 203 2596 ·
230 2566 280 2625 est
313 2563 479 2645 proprium
513 2566 545 2625 et
580 2562 738 2644 principio
774 2583 841 2625 esse
878 2565 911 2625 et
941 2562 1029 2626 exitu
1052 2563 1250 2640 distinctum,
1274 2585 1402 2628 numero

230 2679 335 2763 magis
365 2678 514 2742 idoneum
536 2677 637 2741 altero
661 2677 793 2741 esthon
817 2700 929 2763 genus
953 2678 1072 2762 quippe
1096 2679 1180 2761 quod
1204 2700 1402 2743 communem

231 2794 297 2858 uim
331 2793 451 2857 hebeat
486 2797 518 2858 et
552 2794 656 2878 magis
691 2794 833 2858 absolute
870 2795 994 2859 dicatur
1009 2792 1046 2877 ²).
1093 2796 1307 2877 quamobrem
1337 2817 1402 2860 cum

231 2910 376 2974 omnibus
400 2909 641 2994 seregentibus
664 2914 733 2972 turn
756 2909 908 2973 Romanis
933 2911 1062 2974 fuerunt
1078 2911 1258 2975 sententiae
1275 2933 1402 2994 prouer-

344 3106 367 3182 ¹)
392 3111 457 3180 Quo
479 3113 574 3189 magis
599 3112 671 3187 quid
694 3113 771 3170 inter
794 3113 973 3172 locutionem
998 3117 1028 3172 et
1050 3113 1227 3172 sententiam
1253 3113 1402 3190 prouerbi-

232 3202 309 3259 alem
332 3200 449 3258 intersit
471 3201 649 3271 illustretur,
673 3203 728 3260 hoc
753 3201 842 3259 affero
870 3204 1046 3277 exemplum.
1093 3222 1201 3278 gracco
1226 3208 1271 3261 est
1295 3202 1401 3262 locutio

232 3280 428 3365 prouerbiclis
462 3279 547 3365 Πρὸς
581 3288 691 3365 κέντρα
726 3278 877 3354 λακτίζειν
911 3312 931 3366 p
969 3292 994 3347 V
1030 3291 1081 3360 70,
1105 3291 1197 3349 latine
1223 3292 1400 3352 ’Aduersun

232 3377 387 3436 stimulum
422 3378 524 3438 calces’
550 3373 630 3454 (scil,
659 3378 782 3450 iactare)
808 3379 875 3438 Ter.
900 3380 1019 3440 Phorm.
1045 3378 1098 3452 77,
1121 3380 1259 3440 Diomed.
1285 3377 1350 3440 4'62
1376 3371 1404 3437 K

234 3466 370 3539 l’Contrs
387 3485 409 3525 s.
428 3471 463 3526 c.’
489 3466 602 3526 Charis.
626 3468 642 3527 Ι
666 3468 728 3527 276
755 3462 812 3544 Κ).
858 3489 893 3528 ex
917 3490 951 3528 63
975 3469 1095 3545 quidam
1118 3489 1166 3545 ap.
1183 3469 1278 3528 Prisc.
1296 3469 1328 3529 11
1345 3469 1399 3528 356

233 3550 274 3614 Η
304 3557 463 3632 apologum
498 3557 569 3616 fecit
605 3577 670 3616 cum
698 3559 754 3616 hac
777 3558 939 3616 sententis:
964 3548 1074 3622 Ἵππος
1098 3549 1155 3632 ’όνῳ
1179 3551 1401 3633 (Buechelerus

232 3662 272 3703 m.
296 3641 345 3703 rlr.
369 3639 531 3704 XXXIV
548 3640 633 3704 341.-
655 3636 868 3702 ΠΠΟΣΟΝΩΙ
903 3641 988 3717 libri)
1020 3637 1064 3712 At
1090 3643 1161 3722 βοῦς
1186 3639 1250 3714 δὲ7
1289 3641 1400 3728 (suppl.

235 3728 372 3808 Brceclr.)
396 3731 472 3809 πρὸς
495 3730 532 3790 τὰ
554 3733 664 3811 κέντρα
688 3732 729 3813 μὴ
754 3724 926 3799 λακτιζέτω.

343 3818 368 3894 ²)
392 3823 455 3882 Nec
489 3827 590 3882 tamen
625 3844 658 3882 63
686 3844 795 3901 genera
818 3843 933 3900 semper
956 3825 1027 3884 satis
1052 3825 1292 3901 distinguuntur.
1338 3828 1401 3886 snut

234 3911 311 3970 enim
345 3913 509 3971 sententiae
543 3913 744 3989 prouerbiales
780 3914 925 3988 quaedum
961 3913 1104 3972 ridiculae
1140 3917 1170 3972 et
1204 3914 1401 3975 locutionibus

234 4001 410 4060 simillimae.
456 4004 492 4060 ut
517 4001 617 4060 ’Saluo
641 4022 697 4068 res,
722 4004 813 4061 saltat
836 4007 943 4073 senex’,
968 4003 988 4062 i.
1013 4023 1038 4062 6.
1064 4003 1098 4062 ’si
1122 4004 1213 4062 saltat
1236 4009 1336 4063 senex’
1359 4003 1402 4063 uel

235 4094 314 4149 ’nam
349 4093 439 4150 saltat
472 4095 586 4162 senex’3
623 4092 703 4166 quod
737 4092 860 4150 ridicule
885 4091 994 4150 dicitur
1018 4093 1102 4167 quasi
1125 4111 1183 4151 usu
1206 4098 1400 4170 compertum.

233 4178 365 4240 eiusdem
400 4181 516 4257 generis
541 4184 586 4239 est
609 4181 684 4239 illud
709 4181 753 4239 'In
778 4180 836 4239 alio
858 4182 1029 4255 pediculum
1052 4183 1144 4252 uides,
1173 4182 1204 4239 iu
1228 4187 1258 4240 te
1282 4183 1404 4242 ricinum

234 4288 294 4329 non
316 4271 419 4330 uides’.
