2910 4778
454 1165 847 1295 rrecnuccnnnn.

333 1470 439 1549 PARS
469 1470 493 1549 l.
549 1466 766 1548 EXPOSlTIO
795 1466 989 1548 llETlllCA.

559 1844 713 1920 CAPVT
741 1845 771 1919 l.

439 2027 499 2106 De
526 2051 654 2107 uersu
683 2025 895 2106 Saturnio.

184 2281 257 2363 gl.
305 2278 457 2343 Versus
491 2279 658 2343 italicos
693 2280 884 2362 antiquos
919 2277 1123 2362 intellego
1158 2277 1249 2360 pri·

75 2415 180 2459 mum
214 2417 294 2459 eam
330 2396 472 2478 poesin
506 2416 607 2478 quae
643 2416 715 2458 cum
750 2394 835 2477 apud
869 2392 998 2456 Italicos
1035 2428 1076 2436 --
1112 2414 1170 2456 nec
1198 2394 1249 2455 ta-

78 2533 153 2575 men
187 2533 295 2575 uersus
330 2511 425 2594 prisci
454 2508 637 2574 Italicorum
661 2515 841 2575 ceterorum
864 2513 992 2593 praeter
1016 2507 1248 2572 dedicationem

74 2627 223 2692 ‘salissam
256 2631 289 2691 et
324 2627 385 2690 duo
419 2626 525 2711 elogia
559 2626 710 2712 paeligna
744 2627 809 2690 iam
845 2629 971 2691 exstant
1007 2661 1046 2669 —
1071 2628 1140 2686 tum
1163 2623 1249 2705 apud

75 2742 237 2807 Romanos
273 2746 365 2808 ante
400 2743 537 2827 uiguit
564 2765 680 2826 quarn
704 2743 848 2807 Liuius
871 2741 1053 2807 Naeuius
1078 2741 1249 2806 Plautus

80 2859 235 2923 Ennius
274 2859 410 2922 latina
448 2859 627 2922 earmina
665 2859 830 2942 graecis
869 2860 1011 2923 rnetris
1047 2863 1249 2945 aptarunt.

77 2975 224 3039 deinde
259 2974 363 3038 idern
398 2996 541 3039 nomen
575 2975 760 3058 pertinet
795 2976 841 3038 ad
876 2997 920 3039 ea
943 2977 1124 3040 carmina
1147 3000 1248 3061 quae

75 3093 223 3174 postea
248 3091 413 3154 condita
436 3094 529 3154 sunt
553 3112 645 3169 non,
671 3094 712 3154 ut
736 3114 754 3154 a
777 3091 912 3174 poetis
935 3093 1152 3174 quosdixi‚
1170 3116 1251 3157 me-

75 3207 157 3270 tris
192 3207 371 3290 graecis,
407 3208 475 3270 secl
510 3207 652 3271 metris
686 3206 774 3269 illis
809 3206 969 3289 patriis.
1027 3230 1130 3292 neque
1166 3210 1251 3273 enim

75 3322 185 3386 subito
209 3323 434 3386 consuetudine
459 3323 548 3407 uulgi
573 3323 701 3405 quidem
724 3322 825 3385 omnis
850 3322 953 3404 poesis
978 3324 1109 3407 antiqua
1132 3323 1250 3388 Roma·

77 3459 194 3502 norum
229 3438 419 3521 graecanica
442 3438 529 3521 poesi
553 3459 704 3520 oppressa
728 3440 785 3513 est,
810 3438 865 3501 sed
889 3437 937 3501 illi
961 3439 1056 3502 cessit
1079 3439 1148 3503 loco
1170 3462 1250 3522 pau-

77 3552 182 3617 latim.
229 3575 298 3630 nec,
333 3556 368 3616 ut
403 3554 465 3618 cito
500 3553 604 3636 coepit
638 3552 829 3633 sordescere,
864 3554 911 3617 ita
937 3555 1063 3619 omnino
1084 3554 1251 3620 obsoleuit.

76 3668 171 3733 cuius
206 3669 253 3733 rei
288 3669 377 3732 testis
412 3674 460 3732 est
495 3670 590 3733 etiam
620 3668 773 3733 Horatius
798 3670 858 3753 Ep.
884 3668 916 3734 ΙΙ
941 3673 970 3736 l.
997 3672 1069 3734 160.
1117 3692 1251 3753 cumque

77 3785 243 3869 elegantia
268 3785 448 3850 litterarum
471 3785 617 3849 celeriter
639 3786 795 3868 acideque
819 3807 939 3870 genera
962 3786 1152 3870 graecanica
1169 3787 1250 3848 arri·

76 3901 203 3984 puisset
235 3936 274 3944 -
299 3900 360 3964 soli
383 3900 595 3983 antiquissimi
617 3901 666 3964 illi
689 3904 801 3984 poetae
826 3901 937 3965 Liuius
962 3906 993 3964 et
1016 3898 1159 3964 Naeuius
1184 3922 1250 3963 me·

74 4016 139 4079 tris
175 4018 206 4079 et
241 4016 437 4100 graecanieis
472 4019 504 4079 et
531 4015 646 4079 italicis
671 4017 718 4079 usi
742 4020 816 4080 sunt
838 4017 872 4079 in
896 4016 1049 4100 poematis
1074 4016 1249 4080 scribendis

79 4168 123 4178 —-
159 4135 267 4195 tamen
300 4131 427 4216 uulgus,
463 4135 498 4195 ut
532 4132 637 4214 ipsum
666 4132 773 4215 aliqua
797 4154 916 4217 genera
940 4154 1067 4217 graeca.
1091 4132 1252 4195 senarium

74 4247 300 4331 septenarium
335 4247 475 4325 heroum,
511 4251 634 4312 mature
658 4248 835 4330 usurpauit,
860 4249 905 4312 ita
929 4271 991 4312 non
1015 4248 1120 4311 omnia
1144 4249 1251 4311 dorne·

1130 4377 1143 4422 1
