<?xml version="1.0" encoding="UTF-8"?>
<!DOCTYPE html PUBLIC "-//W3C//DTD XHTML 1.0 Transitional//EN"
    "http://www.w3.org/TR/xhtml1/DTD/xhtml1-transitional.dtd">
<html xmlns="http://www.w3.org/1999/xhtml" xml:lang="en" lang="en">
 <head>
  <title>
</title>
<meta http-equiv="Content-Type" content="text/html;charset=utf-8" />
  <meta name='ocr-system' content='tesseract 3.04.00' />
  <meta name='ocr-capabilities' content='ocr_page ocr_carea ocr_par ocr_line ocrx_word'/>
</head>
<body>
  <div class='ocr_page' id='page_1' title='image "./versvsitalician00zandgoog_0225.png"; bbox 0 0 2910 4778; ppageno 0'>
   <div class='ocr_carea' id='block_1_1' title="bbox 158 308 968 362">
    <p class='ocr_par' dir='ltr' id='par_1_1' title="bbox 158 308 968 362">
     <span class='ocr_line' id='line_1_1' title="bbox 158 308 968 362; baseline 0.002 -3"><span class='ocrx_word' id='word_1_1' title='bbox 158 308 246 359; x_wconf 78' lang='lat' dir='ltr'>cox11</span> <span class='ocrx_word' id='word_1_2' title='bbox 506 313 551 359; x_wconf 83' lang='lat' dir='ltr'>DE</span> <span class='ocrx_word' id='word_1_3' title='bbox 569 313 729 361; x_wconf 73' lang='lat' dir='ltr'>domno.</span> <span class='ocrx_word' id='word_1_4' title='bbox 748 314 856 361; x_wconf 79' lang='lat' dir='ltr'>Immo</span> <span class='ocrx_word' id='word_1_5' title='bbox 876 314 968 362; x_wconf 72' lang='lat' dir='ltr'>SORI&#39;.</span> 
     </span>
    </p>
   </div>
   <div class='ocr_carea' id='block_1_2' title="bbox 157 484 1349 2652">
    <p class='ocr_par' dir='ltr' id='par_1_2' title="bbox 157 484 1313 1961">
     <span class='ocr_line' id='line_1_2' title="bbox 157 484 1307 584; baseline 0.003 -35"><span class='ocrx_word' id='word_1_6' title='bbox 157 488 311 569; x_wconf 86' lang='lat' dir='ltr'>concepta</span> <span class='ocrx_word' id='word_1_7' title='bbox 332 484 366 547; x_wconf 91' lang='lat' dir='ltr'>in</span> <span class='ocrx_word' id='word_1_8' title='bbox 390 505 447 549; x_wconf 89' lang='lat' dir='ltr'>usu</span> <span class='ocrx_word' id='word_1_9' title='bbox 471 485 600 584; x_wconf 70' lang='lat' dir='ltr'>fuerupt</span> <span class='ocrx_word' id='word_1_10' title='bbox 621 487 752 551; x_wconf 83' lang='lat' dir='ltr'><strong>solemni</strong></span> <span class='ocrx_word' id='word_1_11' title='bbox 775 487 820 550; x_wconf 94' lang='lat' dir='ltr'>ita</span> <span class='ocrx_word' id='word_1_12' title='bbox 843 487 1048 571; x_wconf 88' lang='lat' dir='ltr'>appellarunt</span> <span class='ocrx_word' id='word_1_13' title='bbox 1070 487 1230 552; x_wconf 88' lang='lat' dir='ltr'>interdum</span> <span class='ocrx_word' id='word_1_14' title='bbox 1251 486 1307 552; x_wconf 83' lang='lat' dir='ltr'>Ro·</span> 
     </span>
     <span class='ocr_line' id='line_1_3' title="bbox 157 584 1308 725; baseline 0.001 -59"><span class='ocrx_word' id='word_1_15' title='bbox 157 601 252 666; x_wconf 89' lang='lat' dir='ltr'>mani.</span> <span class='ocrx_word' id='word_1_16' title='bbox 298 604 516 665; x_wconf 88' lang='lat' dir='ltr'>uerumtamen</span> <span class='ocrx_word' id='word_1_17' title='bbox 539 584 707 725; x_wconf 68' lang='lat' dir='ltr'>prlpcipali</span> <span class='ocrx_word' id='word_1_18' title='bbox 727 603 760 666; x_wconf 95' lang='lat' dir='ltr'>ui</span> <span class='ocrx_word' id='word_1_19' title='bbox 775 602 937 686; x_wconf 86' lang='lat' dir='ltr'>rythmum</span> <span class='ocrx_word' id='word_1_20' title='bbox 953 602 1181 688; x_wconf 83' lang='lat' dir='ltr'>adsignificare</span> <span class='ocrx_word' id='word_1_21' title='bbox 1195 604 1308 667; x_wconf 88' lang='lat' dir='ltr'>uidetur</span> 
     </span>
     <span class='ocr_line' id='line_1_4' title="bbox 158 717 1309 815; baseline 0.002 -34"><span class='ocrx_word' id='word_1_22' title='bbox 158 740 195 781; x_wconf 93' lang='lat' dir='ltr'>ea</span> <span class='ocrx_word' id='word_1_23' title='bbox 230 717 411 801; x_wconf 78' lang='lat' dir='ltr'>appellatio,</span> <span class='ocrx_word' id='word_1_24' title='bbox 446 722 479 782; x_wconf 89' lang='lat' dir='ltr'>et</span> <span class='ocrx_word' id='word_1_25' title='bbox 512 728 603 815; x_wconf 57' lang='lat' dir='ltr'>quaap</span> <span class='ocrx_word' id='word_1_26' title='bbox 624 717 772 802; x_wconf 88' lang='lat' dir='ltr'>rhythmo</span> <span class='ocrx_word' id='word_1_27' title='bbox 794 719 929 802; x_wconf 91' lang='lat' dir='ltr'>quodam</span> <span class='ocrx_word' id='word_1_28' title='bbox 953 719 1132 802; x_wconf 88' lang='lat' dir='ltr'>composita</span> <span class='ocrx_word' id='word_1_29' title='bbox 1156 722 1258 784; x_wconf 87' lang='lat' dir='ltr'>essent</span> <span class='ocrx_word' id='word_1_30' title='bbox 1276 741 1309 783; x_wconf 88' lang='lat' dir='ltr'>ea</span> 
     </span>
     <span class='ocr_line' id='line_1_5' title="bbox 157 833 1310 919; baseline 0.002 -23"><span class='ocrx_word' id='word_1_31' title='bbox 157 833 297 897; x_wconf 87' lang='lat' dir='ltr'>earmina</span> <span class='ocrx_word' id='word_1_32' title='bbox 320 833 446 917; x_wconf 88' lang='lat' dir='ltr'>proprie</span> <span class='ocrx_word' id='word_1_33' title='bbox 470 833 665 898; x_wconf 76' lang='lat' dir='ltr'>dicebantur.</span> <span class='ocrx_word' id='word_1_34' title='bbox 711 856 773 898; x_wconf 89' lang='lat' dir='ltr'>non</span> <span class='ocrx_word' id='word_1_35' title='bbox 793 838 899 898; x_wconf 86' lang='lat' dir='ltr'>autem</span> <span class='ocrx_word' id='word_1_36' title='bbox 913 834 1020 899; x_wconf 89' lang='lat' dir='ltr'>omnia</span> <span class='ocrx_word' id='word_1_37' title='bbox 1035 857 1120 918; x_wconf 84' lang='lat' dir='ltr'>quae</span> <span class='ocrx_word' id='word_1_38' title='bbox 1138 834 1310 919; x_wconf 74' lang='lat' dir='ltr'><strong>rhythmum</strong></span> 
     </span>
     <span class='ocr_line' id='line_1_6' title="bbox 157 949 1312 1033; baseline 0.003 -22"><span class='ocrx_word' id='word_1_39' title='bbox 157 949 277 1014; x_wconf 91' lang='lat' dir='ltr'>habent</span> <span class='ocrx_word' id='word_1_40' title='bbox 310 950 418 1013; x_wconf 89' lang='lat' dir='ltr'>eadem</span> <span class='ocrx_word' id='word_1_41' title='bbox 455 953 556 1013; x_wconf 92' lang='lat' dir='ltr'>metro</span> <span class='ocrx_word' id='word_1_42' title='bbox 590 950 683 1033; x_wconf 88' lang='lat' dir='ltr'>plane</span> <span class='ocrx_word' id='word_1_43' title='bbox 707 950 855 1014; x_wconf 88' lang='lat' dir='ltr'>conclusa</span> <span class='ocrx_word' id='word_1_44' title='bbox 877 953 965 1026; x_wconf 87' lang='lat' dir='ltr'>sunt;</span> <span class='ocrx_word' id='word_1_45' title='bbox 989 950 1134 1014; x_wconf 87' lang='lat' dir='ltr'>cernitur</span> <span class='ocrx_word' id='word_1_46' title='bbox 1156 951 1240 1015; x_wconf 91' lang='lat' dir='ltr'>enim</span> <span class='ocrx_word' id='word_1_47' title='bbox 1260 973 1312 1014; x_wconf 85' lang='lat' dir='ltr'>nu·</span> 
     </span>
     <span class='ocr_line' id='line_1_7' title="bbox 157 1065 1310 1149; baseline 0.001 -20"><span class='ocrx_word' id='word_1_48' title='bbox 157 1087 262 1130; x_wconf 90' lang='lat' dir='ltr'>merus</span> <span class='ocrx_word' id='word_1_49' title='bbox 285 1065 317 1128; x_wconf 90' lang='lat' dir='ltr'>in</span> <span class='ocrx_word' id='word_1_50' title='bbox 340 1065 410 1148; x_wconf 87' lang='lat' dir='ltr'>ipsa</span> <span class='ocrx_word' id='word_1_51' title='bbox 433 1065 574 1129; x_wconf 86' lang='lat' dir='ltr'>oratione</span> <span class='ocrx_word' id='word_1_52' title='bbox 597 1065 625 1128; x_wconf 91' lang='lat' dir='ltr'>si</span> <span class='ocrx_word' id='word_1_53' title='bbox 648 1068 696 1128; x_wconf 90' lang='lat' dir='ltr'>est</span> <span class='ocrx_word' id='word_1_54' title='bbox 718 1065 854 1148; x_wconf 91' lang='lat' dir='ltr'>quodam</span> <span class='ocrx_word' id='word_1_55' title='bbox 873 1066 965 1130; x_wconf 93' lang='lat' dir='ltr'>modo</span> <span class='ocrx_word' id='word_1_56' title='bbox 981 1066 1169 1149; x_wconf 88' lang='lat' dir='ltr'>composita.</span> <span class='ocrx_word' id='word_1_57' title='bbox 1215 1067 1310 1149; x_wconf 88' lang='lat' dir='ltr'>itaque</span> 
     </span>
     <span class='ocr_line' id='line_1_8' title="bbox 159 1181 1310 1266; baseline 0.001 -22"><span class='ocrx_word' id='word_1_58' title='bbox 159 1218 200 1226; x_wconf 93' lang='lat'>-</span> <span class='ocrx_word' id='word_1_59' title='bbox 224 1181 383 1246; x_wconf 89' lang='lat' dir='ltr'>contiueat</span> <span class='ocrx_word' id='word_1_60' title='bbox 417 1181 499 1245; x_wconf 87' lang='lat' dir='ltr'>enim</span> <span class='ocrx_word' id='word_1_61' title='bbox 536 1202 570 1245; x_wconf 89' lang='lat' dir='ltr'>se</span> <span class='ocrx_word' id='word_1_62' title='bbox 593 1184 701 1245; x_wconf 89' lang='lat' dir='ltr'>nostra</span> <span class='ocrx_word' id='word_1_63' title='bbox 724 1181 895 1264; x_wconf 88' lang='lat' dir='ltr'>disputatio</span> <span class='ocrx_word' id='word_1_64' title='bbox 918 1203 956 1245; x_wconf 90' lang='lat' dir='ltr'>eo</span> <span class='ocrx_word' id='word_1_65' title='bbox 979 1181 1183 1265; x_wconf 89' lang='lat' dir='ltr'>potissimum</span> <span class='ocrx_word' id='word_1_66' title='bbox 1206 1203 1310 1266; x_wconf 82' lang='lat' dir='ltr'>genero</span> 
     </span>
     <span class='ocr_line' id='line_1_9' title="bbox 157 1296 1310 1382; baseline 0 -21"><span class='ocrx_word' id='word_1_67' title='bbox 157 1298 240 1381; x_wconf 93' lang='lat' dir='ltr'>quod</span> <span class='ocrx_word' id='word_1_68' title='bbox 275 1319 357 1362; x_wconf 91' lang='lat' dir='ltr'>nuno</span> <span class='ocrx_word' id='word_1_69' title='bbox 391 1298 556 1382; x_wconf 90' lang='lat' dir='ltr'>quaeritur</span> <span class='ocrx_word' id='word_1_70' title='bbox 579 1334 619 1341; x_wconf 87' lang='lat'><strong>—</strong></span> <span class='ocrx_word' id='word_1_71' title='bbox 644 1296 785 1361; x_wconf 78' lang='lat' dir='ltr'>camrina</span> <span class='ocrx_word' id='word_1_72' title='bbox 815 1320 904 1361; x_wconf 87' lang='lat' dir='ltr'>sacra</span> <span class='ocrx_word' id='word_1_73' title='bbox 932 1297 1154 1380; x_wconf 83' lang='lat' dir='ltr'>partimsunt</span> <span class='ocrx_word' id='word_1_74' title='bbox 1176 1297 1310 1362; x_wconf 87' lang='lat' dir='ltr'>conclusa</span> 
     </span>
     <span class='ocr_line' id='line_1_10' title="bbox 158 1413 1311 1496; baseline 0 -20"><span class='ocrx_word' id='word_1_75' title='bbox 158 1417 258 1478; x_wconf 92' lang='lat' dir='ltr'>metro</span> <span class='ocrx_word' id='word_1_76' title='bbox 275 1413 309 1495; x_wconf 76' lang='grc' dir='ltr'>1Ι,</span> <span class='ocrx_word' id='word_1_77' title='bbox 333 1414 450 1496; x_wconf 86' lang='lat' dir='ltr'>partim</span> <span class='ocrx_word' id='word_1_78' title='bbox 474 1415 626 1496; x_wconf 88' lang='lat' dir='ltr'>concepta</span> <span class='ocrx_word' id='word_1_79' title='bbox 648 1413 789 1477; x_wconf 90' lang='lat' dir='ltr'>oratioue</span> <span class='ocrx_word' id='word_1_80' title='bbox 808 1434 984 1478; x_wconf 88' lang='lat' dir='ltr'>numerosa.</span> <span class='ocrx_word' id='word_1_81' title='bbox 1030 1435 1114 1496; x_wconf 90' lang='lat' dir='ltr'>quae</span> <span class='ocrx_word' id='word_1_82' title='bbox 1131 1416 1233 1478; x_wconf 91' lang='lat' dir='ltr'>metro</span> <span class='ocrx_word' id='word_1_83' title='bbox 1248 1435 1311 1477; x_wconf 92' lang='lat' dir='ltr'>cou-</span> 
     </span>
     <span class='ocr_line' id='line_1_11' title="bbox 158 1527 1311 1613; baseline 0 -21"><span class='ocrx_word' id='word_1_84' title='bbox 158 1529 373 1608; x_wconf 73' lang='lat' dir='ltr'>stuatosum,</span> <span class='ocrx_word' id='word_1_85' title='bbox 397 1551 529 1613; x_wconf 90' lang='lat' dir='ltr'>quornm</span> <span class='ocrx_word' id='word_1_86' title='bbox 553 1527 680 1612; x_wconf 90' lang='lat' dir='ltr'>quidem</span> <span class='ocrx_word' id='word_1_87' title='bbox 709 1532 845 1592; x_wconf 90' lang='lat' dir='ltr'>metrum</span> <span class='ocrx_word' id='word_1_88' title='bbox 868 1550 940 1592; x_wconf 92' lang='lat' dir='ltr'>cum</span> <span class='ocrx_word' id='word_1_89' title='bbox 963 1528 1071 1611; x_wconf 90' lang='lat' dir='ltr'>aliqua</span> <span class='ocrx_word' id='word_1_90' title='bbox 1094 1529 1311 1612; x_wconf 73' lang='lat' dir='ltr'>probabilitate</span> 
     </span>
     <span class='ocr_line' id='line_1_12' title="bbox 158 1643 1312 1728; baseline -0.002 -19"><span class='ocrx_word' id='word_1_91' title='bbox 158 1645 296 1728; x_wconf 92' lang='lat' dir='ltr'>potuerit</span> <span class='ocrx_word' id='word_1_92' title='bbox 319 1645 454 1722; x_wconf 76' lang='lat' dir='ltr'>restitui,</span> <span class='ocrx_word' id='word_1_93' title='bbox 478 1643 538 1708; x_wconf 89' lang='lat' dir='ltr'>hac</span> <span class='ocrx_word' id='word_1_94' title='bbox 562 1643 699 1708; x_wconf 87' lang='lat' dir='ltr'>editione</span> <span class='ocrx_word' id='word_1_95' title='bbox 715 1644 925 1708; x_wconf 89' lang='lat' dir='ltr'>continentur.</span> <span class='ocrx_word' id='word_1_96' title='bbox 972 1665 1053 1727; x_wconf 89' lang='lat' dir='ltr'>quae</span> <span class='ocrx_word' id='word_1_97' title='bbox 1070 1643 1136 1708; x_wconf 92' lang='lat' dir='ltr'>dici</span> <span class='ocrx_word' id='word_1_98' title='bbox 1151 1644 1245 1708; x_wconf 88' lang='lat' dir='ltr'>solita</span> <span class='ocrx_word' id='word_1_99' title='bbox 1259 1645 1312 1707; x_wconf 89' lang='lat' dir='ltr'>sint</span> 
     </span>
     <span class='ocr_line' id='line_1_13' title="bbox 159 1759 1313 1843; baseline -0.001 -19"><span class='ocrx_word' id='word_1_100' title='bbox 159 1760 299 1825; x_wconf 86' lang='lat' dir='ltr'>oratione</span> <span class='ocrx_word' id='word_1_101' title='bbox 322 1781 489 1825; x_wconf 91' lang='lat' dir='ltr'>numerosa</span> <span class='ocrx_word' id='word_1_102' title='bbox 511 1782 575 1824; x_wconf 92' lang='lat' dir='ltr'>nou</span> <span class='ocrx_word' id='word_1_103' title='bbox 598 1760 702 1823; x_wconf 81' lang='lat' dir='ltr'>estin</span> <span class='ocrx_word' id='word_1_104' title='bbox 725 1759 831 1822; x_wconf 91' lang='lat' dir='ltr'>animo</span> <span class='ocrx_word' id='word_1_105' title='bbox 855 1781 1041 1823; x_wconf 87' lang='lat' dir='ltr'>enumerare</span> <span class='ocrx_word' id='word_1_106' title='bbox 1057 1759 1175 1823; x_wconf 88' lang='lat' dir='ltr'>omnia.</span> <span class='ocrx_word' id='word_1_107' title='bbox 1222 1781 1313 1843; x_wconf 88' lang='lat' dir='ltr'>pauca</span> 
     </span>
     <span class='ocr_line' id='line_1_14' title="bbox 158 1875 990 1961; baseline -0.002 -22"><span class='ocrx_word' id='word_1_108' title='bbox 158 1876 199 1939; x_wconf 90' lang='lat' dir='ltr'>ad</span> <span class='ocrx_word' id='word_1_109' title='bbox 222 1897 289 1939; x_wconf 87' lang='lat' dir='ltr'>rem</span> <span class='ocrx_word' id='word_1_110' title='bbox 311 1876 532 1940; x_wconf 86' lang='lat' dir='ltr'>illustrandam</span> <span class='ocrx_word' id='word_1_111' title='bbox 556 1875 696 1939; x_wconf 86' lang='lat' dir='ltr'>afferam.</span> <span class='ocrx_word' id='word_1_112' title='bbox 987 1954 990 1961; x_wconf 87' lang='lat'>.</span> 
     </span>
    </p>

    <p class='ocr_par' dir='ltr' id='par_1_3' title="bbox 158 1987 1349 2652">
     <span class='ocr_line' id='line_1_15' title="bbox 264 1987 1311 2077; baseline -0.001 -22"><span class='ocrx_word' id='word_1_113' title='bbox 264 1989 414 2056; x_wconf 85' lang='lat' dir='ltr'>Oratione</span> <span class='ocrx_word' id='word_1_114' title='bbox 448 1992 550 2077; x_wconf 77' lang='lat' dir='ltr'>Igitur</span> <span class='ocrx_word' id='word_1_115' title='bbox 576 2011 744 2054; x_wconf 89' lang='lat' dir='ltr'>numerosa</span> <span class='ocrx_word' id='word_1_116' title='bbox 767 1994 815 2054; x_wconf 89' lang='lat' dir='ltr'>est</span> <span class='ocrx_word' id='word_1_117' title='bbox 837 1989 979 2073; x_wconf 86' lang='lat' dir='ltr'>precatio</span> <span class='ocrx_word' id='word_1_118' title='bbox 1003 1987 1144 2076; x_wconf 85' lang='lat' dir='ltr'>Iguuina</span> <span class='ocrx_word' id='word_1_119' title='bbox 1166 1989 1216 2056; x_wconf 86' lang='lat' dir='ltr'>VI</span> <span class='ocrx_word' id='word_1_120' title='bbox 1239 1992 1258 2056; x_wconf 93' lang='lat' dir='ltr'>b</span> <span class='ocrx_word' id='word_1_121' title='bbox 1279 1990 1311 2055; x_wconf 70' lang='lat'>57</span> 
     </span>
     <span class='ocr_line' id='line_1_16' title="bbox 158 2104 1312 2190; baseline 0.001 -20"><span class='ocrx_word' id='word_1_122' title='bbox 158 2129 227 2190; x_wconf 86' lang='lat' dir='ltr'>sqq.</span> <span class='ocrx_word' id='word_1_123' title='bbox 251 2106 370 2171; x_wconf 88' lang='lat' dir='ltr'>Bueoh.</span> <span class='ocrx_word' id='word_1_124' title='bbox 394 2108 496 2172; x_wconf 91' lang='lat' dir='ltr'>umbr.</span> <span class='ocrx_word' id='word_1_125' title='bbox 520 2127 551 2189; x_wconf 88' lang='lat' dir='ltr'>p.</span> <span class='ocrx_word' id='word_1_126' title='bbox 577 2106 617 2170; x_wconf 87' lang='lat'>98</span> <span class='ocrx_word' id='word_1_127' title='bbox 642 2127 711 2188; x_wconf 89' lang='lat' dir='ltr'><strong>sqq.</strong></span> <span class='ocrx_word' id='word_1_128' title='bbox 726 2105 752 2182; x_wconf 66' lang='grc' dir='ltr'>2Ι</span> <span class='ocrx_word' id='word_1_129' title='bbox 784 2104 895 2170; x_wconf 88' lang='lat' dir='ltr'>&#39;&#39;Serfe</span> <span class='ocrx_word' id='word_1_130' title='bbox 917 2105 1034 2170; x_wconf 90' lang='lat' dir='ltr'>Martie</span> <span class='ocrx_word' id='word_1_131' title='bbox 1055 2106 1060 2187; x_wconf 97' lang='grc' dir='ltr'>Ι</span> <span class='ocrx_word' id='word_1_132' title='bbox 1080 2105 1231 2170; x_wconf 89' lang='lat' dir='ltr'>Prestota</span> <span class='ocrx_word' id='word_1_133' title='bbox 1252 2105 1312 2171; x_wconf 88' lang='lat' dir='ltr'>Ser·</span> 
     </span>
     <span class='ocr_line' id='line_1_17' title="bbox 160 2209 1322 2303; baseline 0.001 -18"><span class='ocrx_word' id='word_1_134' title='bbox 160 2222 201 2285; x_wconf 88' lang='lat' dir='ltr'>fia</span> <span class='ocrx_word' id='word_1_135' title='bbox 225 2220 332 2287; x_wconf 86' lang='lat' dir='ltr'>Serfer</span> <span class='ocrx_word' id='word_1_136' title='bbox 354 2221 487 2286; x_wconf 87' lang='lat' dir='ltr'>Martier</span> <span class='ocrx_word' id='word_1_137' title='bbox 507 2226 512 2301; x_wconf 96' lang='grc' dir='ltr'>Ι</span> <span class='ocrx_word' id='word_1_138' title='bbox 532 2220 633 2285; x_wconf 88' lang='lat' dir='ltr'>Tursa</span> <span class='ocrx_word' id='word_1_139' title='bbox 656 2219 757 2285; x_wconf 88' lang='lat' dir='ltr'>Serfia</span> <span class='ocrx_word' id='word_1_140' title='bbox 780 2218 887 2285; x_wconf 86' lang='lat' dir='ltr'>Serfer</span> <span class='ocrx_word' id='word_1_141' title='bbox 908 2220 1043 2284; x_wconf 89' lang='lat' dir='ltr'>Martier</span> <span class='ocrx_word' id='word_1_142' title='bbox 1059 2221 1071 2303; x_wconf 96' lang='grc' dir='ltr'>ΙΙ</span> <span class='ocrx_word' id='word_1_143' title='bbox 1087 2224 1192 2286; x_wconf 86' lang='lat' dir='ltr'>totam</span> <span class='ocrx_word' id='word_1_144' title='bbox 1219 2209 1322 2286; x_wconf 69' lang='lat' dir='ltr'>Tarsi</span> 
     </span>
     <span class='ocr_line' id='line_1_18' title="bbox 159 2334 1349 2431; baseline 0.003 -31"><span class='ocrx_word' id='word_1_145' title='bbox 159 2340 265 2402; x_wconf 87' lang='lat' dir='ltr'>uatem</span> <span class='ocrx_word' id='word_1_146' title='bbox 286 2337 290 2418; x_wconf 99' lang='grc' dir='ltr'>Ι</span> <span class='ocrx_word' id='word_1_147' title='bbox 310 2337 385 2402; x_wconf 86' lang='lat' dir='ltr'>trifo</span> <span class='ocrx_word' id='word_1_148' title='bbox 399 2337 598 2402; x_wconf 80' lang='lat' dir='ltr'>Tarsinatem</span> <span class='ocrx_word' id='word_1_149' title='bbox 620 2337 624 2414; x_wconf 95' lang='grc' dir='ltr'>Ι</span> <span class='ocrx_word' id='word_1_150' title='bbox 644 2335 779 2401; x_wconf 82' lang='lat' dir='ltr'>Tuscom</span> <span class='ocrx_word' id='word_1_151' title='bbox 795 2334 978 2401; x_wconf 89' lang='lat' dir='ltr'>Naharcom</span> <span class='ocrx_word' id='word_1_152' title='bbox 998 2337 1002 2416; x_wconf 89' lang='grc' dir='ltr'>Ι</span> <span class='ocrx_word' id='word_1_153' title='bbox 1023 2334 1196 2403; x_wconf 89' lang='lat' dir='ltr'>Iabusoom</span> <span class='ocrx_word' id='word_1_154' title='bbox 1210 2359 1295 2403; x_wconf 88' lang='lat' dir='ltr'>nome</span> <span class='ocrx_word' id='word_1_155' title='bbox 1308 2334 1349 2431; x_wconf 48' lang='grc' dir='ltr'>Ιὲ</span> 
     </span>
     <span class='ocr_line' id='line_1_19' title="bbox 158 2450 1314 2536; baseline -0.003 -18"><span class='ocrx_word' id='word_1_156' title='bbox 158 2457 241 2518; x_wconf 89' lang='lat' dir='ltr'>totar</span> <span class='ocrx_word' id='word_1_157' title='bbox 264 2453 446 2518; x_wconf 87' lang='lat' dir='ltr'>Tarsinater</span> <span class='ocrx_word' id='word_1_158' title='bbox 466 2453 469 2532; x_wconf 96' lang='grc' dir='ltr'>Ι</span> <span class='ocrx_word' id='word_1_159' title='bbox 490 2453 583 2517; x_wconf 90' lang='lat' dir='ltr'>trifor</span> <span class='ocrx_word' id='word_1_160' title='bbox 598 2451 783 2516; x_wconf 84' lang='lat' dir='ltr'>Tarsiuater</span> <span class='ocrx_word' id='word_1_161' title='bbox 802 2453 806 2533; x_wconf 97' lang='grc' dir='ltr'>Ι</span> <span class='ocrx_word' id='word_1_162' title='bbox 826 2451 946 2517; x_wconf 82' lang='lat' dir='ltr'>Tusoer</span> <span class='ocrx_word' id='word_1_163' title='bbox 960 2450 1129 2517; x_wconf 85' lang='lat' dir='ltr'>Naharcer</span> <span class='ocrx_word' id='word_1_164' title='bbox 1148 2456 1153 2536; x_wconf 97' lang='grc' dir='ltr'>Ι</span> <span class='ocrx_word' id='word_1_165' title='bbox 1174 2452 1314 2519; x_wconf 89' lang='lat' dir='ltr'>Iabuscer</span> 
     </span>
     <span class='ocr_line' id='line_1_20' title="bbox 158 2565 1314 2652; baseline -0.003 -19"><span class='ocrx_word' id='word_1_166' title='bbox 158 2591 289 2635; x_wconf 90' lang='lat' dir='ltr'>nomner</span> <span class='ocrx_word' id='word_1_167' title='bbox 306 2568 318 2651; x_wconf 96' lang='grc' dir='ltr'>ΙΙ</span> <span class='ocrx_word' id='word_1_168' title='bbox 334 2570 408 2633; x_wconf 84' lang='lat' dir='ltr'>norf</span> <span class='ocrx_word' id='word_1_169' title='bbox 426 2568 525 2632; x_wconf 86' lang='lat' dir='ltr'>sihitu</span> <span class='ocrx_word' id='word_1_170' title='bbox 548 2567 689 2632; x_wconf 87' lang='lat' dir='ltr'>ansihitu</span> <span class='ocrx_word' id='word_1_171' title='bbox 709 2568 713 2650; x_wconf 96' lang='grc' dir='ltr'>Ι</span> <span class='ocrx_word' id='word_1_172' title='bbox 733 2568 815 2632; x_wconf 81' lang='lat' dir='ltr'>iouia</span> <span class='ocrx_word' id='word_1_173' title='bbox 838 2566 967 2633; x_wconf 88' lang='lat' dir='ltr'>hostatu</span> <span class='ocrx_word' id='word_1_174' title='bbox 990 2565 1160 2633; x_wconf 89' lang='lat' dir='ltr'>auhostatu</span> <span class='ocrx_word' id='word_1_175' title='bbox 1183 2568 1189 2652; x_wconf 97' lang='grc' dir='ltr'>Ι</span> <span class='ocrx_word' id='word_1_176' title='bbox 1209 2568 1314 2633; x_wconf 84' lang='lat' dir='ltr'>tursitu</span> 
     </span>
    </p>
   </div>
   <div class='ocr_carea' id='block_1_3' title="bbox 158 2683 1314 2884">
    <p class='ocr_par' dir='ltr' id='par_1_4' title="bbox 158 2683 1314 2884">
     <span class='ocr_line' id='line_1_21' title="bbox 158 2683 1314 2769; baseline -0.002 -20"><span class='ocrx_word' id='word_1_177' title='bbox 158 2685 288 2749; x_wconf 88' lang='lat' dir='ltr'>tremitu</span> <span class='ocrx_word' id='word_1_178' title='bbox 308 2687 314 2765; x_wconf 95' lang='grc' dir='ltr'>Ι</span> <span class='ocrx_word' id='word_1_179' title='bbox 333 2683 439 2748; x_wconf 88' lang='lat' dir='ltr'>houdu</span> <span class='ocrx_word' id='word_1_180' title='bbox 454 2683 543 2748; x_wconf 88' lang='lat' dir='ltr'>holtu</span> <span class='ocrx_word' id='word_1_181' title='bbox 564 2684 569 2764; x_wconf 97' lang='grc' dir='ltr'>Ι</span> <span class='ocrx_word' id='word_1_182' title='bbox 589 2683 698 2747; x_wconf 92' lang='lat' dir='ltr'>uinctu</span> <span class='ocrx_word' id='word_1_183' title='bbox 714 2683 826 2766; x_wconf 87' lang='lat' dir='ltr'>nepitu</span> <span class='ocrx_word' id='word_1_184' title='bbox 845 2685 850 2763; x_wconf 95' lang='grc' dir='ltr'>Ι</span> <span class='ocrx_word' id='word_1_185' title='bbox 870 2684 975 2748; x_wconf 89' lang='lat' dir='ltr'>sonitu</span> <span class='ocrx_word' id='word_1_186' title='bbox 991 2684 1095 2748; x_wconf 81' lang='lat' dir='ltr'>souitu</span> <span class='ocrx_word' id='word_1_187' title='bbox 1117 2685 1121 2767; x_wconf 96' lang='grc' dir='ltr'>Ι</span> <span class='ocrx_word' id='word_1_188' title='bbox 1141 2685 1314 2769; x_wconf 86' lang='lat' dir='ltr'>preplotatu</span> 
     </span>
     <span class='ocr_line' id='line_1_22' title="bbox 158 2796 1314 2884; baseline -0.002 -20"><span class='ocrx_word' id='word_1_189' title='bbox 158 2799 328 2884; x_wconf 83' lang='lat' dir='ltr'>preuilatu.</span> <span class='ocrx_word' id='word_1_190' title='bbox 345 2799 357 2881; x_wconf 95' lang='grc' dir='ltr'>ΙΙ</span> <span class='ocrx_word' id='word_1_191' title='bbox 374 2797 463 2863; x_wconf 85' lang='lat' dir='ltr'>Serfe</span> <span class='ocrx_word' id='word_1_192' title='bbox 479 2798 594 2863; x_wconf 86' lang='lat' dir='ltr'>Martie</span> <span class='ocrx_word' id='word_1_193' title='bbox 616 2798 620 2880; x_wconf 96' lang='grc' dir='ltr'>Ι</span> <span class='ocrx_word' id='word_1_194' title='bbox 640 2797 787 2862; x_wconf 89' lang='lat' dir='ltr'>Prestota</span> <span class='ocrx_word' id='word_1_195' title='bbox 802 2796 903 2863; x_wconf 86' lang='lat' dir='ltr'>Serfia</span> <span class='ocrx_word' id='word_1_196' title='bbox 918 2796 1025 2863; x_wconf 86' lang='lat' dir='ltr'>Serfer</span> <span class='ocrx_word' id='word_1_197' title='bbox 1040 2798 1179 2864; x_wconf 87' lang='lat' dir='ltr'>Martier</span> <span class='ocrx_word' id='word_1_198' title='bbox 1198 2800 1204 2883; x_wconf 96' lang='grc' dir='ltr'>Ι</span> <span class='ocrx_word' id='word_1_199' title='bbox 1224 2799 1314 2864; x_wconf 84' lang='lat' dir='ltr'>Tursa</span> 
     </span>
    </p>
   </div>
   <div class='ocr_carea' id='block_1_4' title="bbox 159 2913 1314 3000">
    <p class='ocr_par' dir='ltr' id='par_1_5' title="bbox 159 2913 1314 3000">
     <span class='ocr_line' id='line_1_23' title="bbox 159 2913 1314 3000; baseline -0.002 -20"><span class='ocrx_word' id='word_1_200' title='bbox 159 2914 260 2980; x_wconf 86' lang='lat' dir='ltr'>Serfia</span> <span class='ocrx_word' id='word_1_201' title='bbox 281 2914 389 2979; x_wconf 85' lang='lat' dir='ltr'>Serfer</span> <span class='ocrx_word' id='word_1_202' title='bbox 411 2914 554 2993; x_wconf 87' lang='lat' dir='ltr'>Martier‚</span> <span class='ocrx_word' id='word_1_203' title='bbox 572 2913 584 2996; x_wconf 95' lang='grc' dir='ltr'>ΙΙ</span> <span class='ocrx_word' id='word_1_204' title='bbox 600 2914 704 2979; x_wconf 86' lang='lat' dir='ltr'>fututo</span> <span class='ocrx_word' id='word_1_205' title='bbox 727 2914 816 2979; x_wconf 87' lang='lat' dir='ltr'>foner</span> <span class='ocrx_word' id='word_1_206' title='bbox 835 2913 839 2995; x_wconf 91' lang='grc' dir='ltr'>Ι</span> <span class='ocrx_word' id='word_1_207' title='bbox 860 2936 955 2997; x_wconf 89' lang='lat' dir='ltr'>paore</span> <span class='ocrx_word' id='word_1_208' title='bbox 977 2936 1054 2998; x_wconf 87' lang='lat' dir='ltr'>pase</span> <span class='ocrx_word' id='word_1_209' title='bbox 1075 2920 1187 2980; x_wconf 86' lang='lat' dir='ltr'>uestra</span> <span class='ocrx_word' id='word_1_210' title='bbox 1207 2916 1212 2995; x_wconf 92' lang='grc' dir='ltr'>Ι</span> <span class='ocrx_word' id='word_1_211' title='bbox 1231 2914 1314 3000; x_wconf 85' lang='lat' dir='ltr'>poplo</span> 
     </span>
    </p>
   </div>
   <div class='ocr_carea' id='block_1_5' title="bbox 106 3085 1319 4412">
    <p class='ocr_par' dir='ltr' id='par_1_6' title="bbox 159 3085 1315 3520">
     <span class='ocr_line' id='line_1_24' title="bbox 271 3085 1314 3166; baseline 0.001 -19"><span class='ocrx_word' id='word_1_212' title='bbox 271 3085 294 3159; x_wconf 84' lang='grc' dir='ltr'>1Ι</span> <span class='ocrx_word' id='word_1_213' title='bbox 318 3089 353 3147; x_wconf 88' lang='lat' dir='ltr'>Iu</span> <span class='ocrx_word' id='word_1_214' title='bbox 375 3090 476 3166; x_wconf 78' lang='lat' dir='ltr'>legum</span> <span class='ocrx_word' id='word_1_215' title='bbox 500 3088 772 3165; x_wconf 84' lang='lat' dir='ltr'>antiquissimarum</span> <span class='ocrx_word' id='word_1_216' title='bbox 795 3088 928 3165; x_wconf 89' lang='lat' dir='ltr'>reliquiis</span> <span class='ocrx_word' id='word_1_217' title='bbox 951 3108 1092 3148; x_wconf 89' lang='lat' dir='ltr'>numerus</span> <span class='ocrx_word' id='word_1_218' title='bbox 1116 3090 1240 3165; x_wconf 90' lang='lat' dir='ltr'>quidam</span> <span class='ocrx_word' id='word_1_219' title='bbox 1253 3109 1314 3150; x_wconf 89' lang='lat' dir='ltr'>nou·</span> 
     </span>
     <span class='ocr_line' id='line_1_25' title="bbox 162 3177 1314 3255; baseline 0.001 -19"><span class='ocrx_word' id='word_1_220' title='bbox 162 3198 325 3254; x_wconf 87' lang='lat' dir='ltr'>numquam</span> <span class='ocrx_word' id='word_1_221' title='bbox 348 3179 488 3245; x_wconf 88' lang='lat' dir='ltr'>cernitur,</span> <span class='ocrx_word' id='word_1_222' title='bbox 512 3182 641 3237; x_wconf 84' lang='lat' dir='ltr'>metrum</span> <span class='ocrx_word' id='word_1_223' title='bbox 664 3197 721 3236; x_wconf 92' lang='lat' dir='ltr'>non</span> <span class='ocrx_word' id='word_1_224' title='bbox 745 3177 825 3236; x_wconf 90' lang='lat' dir='ltr'>item.</span> <span class='ocrx_word' id='word_1_225' title='bbox 873 3178 998 3237; x_wconf 86' lang='lat' dir='ltr'>fortuito</span> <span class='ocrx_word' id='word_1_226' title='bbox 1024 3177 1118 3255; x_wconf 83' lang='lat' dir='ltr'>igitur</span> <span class='ocrx_word' id='word_1_227' title='bbox 1134 3181 1224 3240; x_wconf 90' lang='lat' dir='ltr'>oredo</span> <span class='ocrx_word' id='word_1_228' title='bbox 1239 3179 1314 3238; x_wconf 81' lang='lat' dir='ltr'>exsti·</span> 
     </span>
     <span class='ocr_line' id='line_1_26' title="bbox 160 3266 1314 3343; baseline 0.001 -18"><span class='ocrx_word' id='word_1_229' title='bbox 160 3267 229 3326; x_wconf 92' lang='lat' dir='ltr'>tisse</span> <span class='ocrx_word' id='word_1_230' title='bbox 252 3286 389 3326; x_wconf 89' lang='lat' dir='ltr'>numeros</span> <span class='ocrx_word' id='word_1_231' title='bbox 413 3267 611 3327; x_wconf 87' lang='lat' dir='ltr'>concinniores</span> <span class='ocrx_word' id='word_1_232' title='bbox 635 3266 794 3342; x_wconf 82' lang='lat' dir='ltr'>fragmenti</span> <span class='ocrx_word' id='word_1_233' title='bbox 816 3266 895 3326; x_wconf 91' lang='lat' dir='ltr'>illins</span> <span class='ocrx_word' id='word_1_234' title='bbox 919 3267 999 3342; x_wconf 91' lang='lat' dir='ltr'>quod</span> <span class='ocrx_word' id='word_1_235' title='bbox 1021 3267 1052 3324; x_wconf 91' lang='lat' dir='ltr'>in</span> <span class='ocrx_word' id='word_1_236' title='bbox 1073 3267 1193 3343; x_wconf 81' lang='lat' dir='ltr'>legibus</span> <span class='ocrx_word' id='word_1_237' title='bbox 1209 3269 1314 3328; x_wconf 86' lang='lat' dir='ltr'>Numae</span> 
     </span>
     <span class='ocr_line' id='line_1_27' title="bbox 159 3349 1315 3434; baseline 0 -20"><span class='ocrx_word' id='word_1_238' title='bbox 159 3355 250 3414; x_wconf 83' lang='lat' dir='ltr'>i&#39;uisse</span> <span class='ocrx_word' id='word_1_239' title='bbox 283 3356 376 3414; x_wconf 88' lang='lat' dir='ltr'>tradit</span> <span class='ocrx_word' id='word_1_240' title='bbox 409 3356 515 3414; x_wconf 81' lang='lat' dir='ltr'>Festus</span> <span class='ocrx_word' id='word_1_241' title='bbox 548 3375 571 3414; x_wconf 91' lang='lat' dir='ltr'>s.</span> <span class='ocrx_word' id='word_1_242' title='bbox 606 3375 637 3414; x_wconf 90' lang='lat' dir='ltr'>u.</span> <span class='ocrx_word' id='word_1_243' title='bbox 673 3350 773 3413; x_wconf 73' lang='lat' dir='ltr'>aliato</span> <span class='ocrx_word' id='word_1_244' title='bbox 806 3376 836 3432; x_wconf 92' lang='lat' dir='ltr'>p.</span> <span class='ocrx_word' id='word_1_245' title='bbox 872 3357 891 3414; x_wconf 88' lang='lat'>4</span> <span class='ocrx_word' id='word_1_246' title='bbox 918 3349 1054 3414; x_wconf 65' lang='lat' dir='ltr'>Theron:</span> <span class='ocrx_word' id='word_1_247' title='bbox 1089 3355 1142 3414; x_wconf 83' lang='lat' dir='ltr'>”Si</span> <span class='ocrx_word' id='word_1_248' title='bbox 1166 3358 1315 3434; x_wconf 89' lang='lat' dir='ltr'>qnisquam</span> 
     </span>
     <span class='ocr_line' id='line_1_28' title="bbox 161 3444 792 3520; baseline 0 -17"><span class='ocrx_word' id='word_1_249' title='bbox 161 3444 254 3503; x_wconf 86' lang='lat' dir='ltr'>alinta</span> <span class='ocrx_word' id='word_1_250' title='bbox 277 3445 360 3514; x_wconf 84' lang='lat' dir='ltr'>faxit,</span> <span class='ocrx_word' id='word_1_251' title='bbox 403 3445 481 3520; x_wconf 90' lang='lat' dir='ltr'>ipsos</span> <span class='ocrx_word' id='word_1_252' title='bbox 504 3444 571 3504; x_wconf 92' lang='lat' dir='ltr'>Ioui</span> <span class='ocrx_word' id='word_1_253' title='bbox 592 3463 674 3504; x_wconf 88' lang='lat' dir='ltr'>sacer</span> <span class='ocrx_word' id='word_1_254' title='bbox 697 3448 792 3503; x_wconf 86' lang='lat' dir='ltr'>esto&#39;’.</span> 
     </span>
    </p>

    <p class='ocr_par' dir='ltr' id='par_1_7' title="bbox 106 3533 1318 4321">
     <span class='ocr_line' id='line_1_29' title="bbox 265 3533 1314 3610; baseline -0.001 -18"><span class='ocrx_word' id='word_1_255' title='bbox 265 3533 311 3592; x_wconf 88' lang='lat' dir='ltr'>Ne</span> <span class='ocrx_word' id='word_1_256' title='bbox 333 3533 364 3590; x_wconf 90' lang='lat' dir='ltr'>in</span> <span class='ocrx_word' id='word_1_257' title='bbox 386 3533 550 3609; x_wconf 86' lang='lat' dir='ltr'>praeceptis</span> <span class='ocrx_word' id='word_1_258' title='bbox 573 3533 691 3609; x_wconf 89' lang='lat' dir='ltr'>quidem</span> <span class='ocrx_word' id='word_1_259' title='bbox 707 3533 796 3592; x_wconf 87' lang='lat' dir='ltr'>sacris</span> <span class='ocrx_word' id='word_1_260' title='bbox 811 3552 932 3592; x_wconf 89' lang='lat' dir='ltr'>uersum</span> <span class='ocrx_word' id='word_1_261' title='bbox 946 3534 1043 3591; x_wconf 89' lang='lat' dir='ltr'>ullum</span> <span class='ocrx_word' id='word_1_262' title='bbox 1057 3551 1181 3609; x_wconf 90' lang='lat' dir='ltr'>possum</span> <span class='ocrx_word' id='word_1_263' title='bbox 1198 3533 1314 3610; x_wconf 87' lang='lat' dir='ltr'>assequi.</span> 
     </span>
     <span class='ocr_line' id='line_1_30' title="bbox 160 3621 1316 3698; baseline 0 -18"><span class='ocrx_word' id='word_1_264' title='bbox 160 3642 229 3681; x_wconf 89' lang='lat' dir='ltr'>nam</span> <span class='ocrx_word' id='word_1_265' title='bbox 263 3623 343 3698; x_wconf 91' lang='lat' dir='ltr'>quod</span> <span class='ocrx_word' id='word_1_266' title='bbox 376 3621 571 3681; x_wconf 85' lang='lat' dir='ltr'>Baehrensius</span> <span class='ocrx_word' id='word_1_267' title='bbox 605 3622 683 3680; x_wconf 85' lang='lat' dir='ltr'>FPR</span> <span class='ocrx_word' id='word_1_268' title='bbox 715 3641 745 3698; x_wconf 92' lang='lat' dir='ltr'>p.</span> <span class='ocrx_word' id='word_1_269' title='bbox 781 3623 821 3680; x_wconf 83' lang='lat'>33</span> <span class='ocrx_word' id='word_1_270' title='bbox 857 3624 952 3681; x_wconf 90' lang='lat' dir='ltr'>metro</span> <span class='ocrx_word' id='word_1_271' title='bbox 976 3622 1148 3682; x_wconf 87' lang='lat' dir='ltr'>conclusum</span> <span class='ocrx_word' id='word_1_272' title='bbox 1172 3642 1234 3683; x_wconf 85' lang='lat' dir='ltr'>asse</span> <span class='ocrx_word' id='word_1_273' title='bbox 1256 3623 1316 3682; x_wconf 90' lang='lat' dir='ltr'>uult</span> 
     </span>
     <span class='ocr_line' id='line_1_31' title="bbox 159 3710 1316 3787; baseline 0 -17"><span class='ocrx_word' id='word_1_274' title='bbox 159 3710 234 3770; x_wconf 91' lang='lat' dir='ltr'>illud</span> <span class='ocrx_word' id='word_1_275' title='bbox 270 3711 350 3786; x_wconf 89' lang='lat' dir='ltr'>qnod</span> <span class='ocrx_word' id='word_1_276' title='bbox 371 3711 402 3769; x_wconf 88' lang='lat' dir='ltr'>in</span> <span class='ocrx_word' id='word_1_277' title='bbox 424 3713 511 3787; x_wconf 89' lang='lat' dir='ltr'>porta</span> <span class='ocrx_word' id='word_1_278' title='bbox 533 3711 638 3787; x_wconf 89' lang='lat' dir='ltr'>templi</span> <span class='ocrx_word' id='word_1_279' title='bbox 660 3711 810 3786; x_wconf 80' lang='lat' dir='ltr'>Anagnini</span> <span class='ocrx_word' id='word_1_280' title='bbox 832 3710 976 3787; x_wconf 85' lang='lat' dir='ltr'>scriptum</span> <span class='ocrx_word' id='word_1_281' title='bbox 998 3729 1059 3770; x_wconf 90' lang='lat' dir='ltr'>esse</span> <span class='ocrx_word' id='word_1_282' title='bbox 1082 3716 1189 3772; x_wconf 90' lang='lat' dir='ltr'>narrat</span> <span class='ocrx_word' id='word_1_283' title='bbox 1212 3712 1316 3772; x_wconf 86' lang='lat' dir='ltr'>Fronto</span> 
     </span>
     <span class='ocr_line' id='line_1_32' title="bbox 159 3792 1314 3878; baseline 0 -20"><span class='ocrx_word' id='word_1_284' title='bbox 159 3821 191 3876; x_wconf 89' lang='lat' dir='ltr'>p.</span> <span class='ocrx_word' id='word_1_285' title='bbox 226 3799 266 3859; x_wconf 87' lang='grc'>67</span> <span class='ocrx_word' id='word_1_286' title='bbox 302 3792 340 3857; x_wconf 88' lang='lat' dir='ltr'><strong><em>N</em></strong></span> <span class='ocrx_word' id='word_1_287' title='bbox 364 3792 519 3856; x_wconf 71' lang='lat' dir='ltr'>”mamen</span> <span class='ocrx_word' id='word_1_288' title='bbox 555 3815 640 3858; x_wconf 76' lang='lat' dir='ltr'>suone</span> <span class='ocrx_word' id='word_1_289' title='bbox 673 3792 875 3876; x_wconf 79' lang='lat' dir='ltr'>sumentum&#39;’,</span> <span class='ocrx_word' id='word_1_290' title='bbox 911 3803 941 3858; x_wconf 85' lang='lat' dir='ltr'>et</span> <span class='ocrx_word' id='word_1_291' title='bbox 963 3798 1062 3857; x_wconf 79' lang='lat' dir='ltr'>Keller</span> <span class='ocrx_word' id='word_1_292' title='bbox 1086 3801 1122 3858; x_wconf 90' lang='lat' dir='ltr'>de</span> <span class='ocrx_word' id='word_1_293' title='bbox 1145 3807 1204 3861; x_wconf 87' lang='lat' dir='ltr'>sat.</span> <span class='ocrx_word' id='word_1_294' title='bbox 1227 3821 1257 3878; x_wconf 92' lang='lat' dir='ltr'>p.</span> <span class='ocrx_word' id='word_1_295' title='bbox 1279 3800 1314 3877; x_wconf 73' lang='lat'>33</span> 
     </span>
     <span class='ocr_line' id='line_1_33' title="bbox 106 3887 1314 3965; baseline 0.001 -18"><span class='ocrx_word' id='word_1_296' title='bbox 106 3918 108 3922; x_wconf 35' lang='lat' dir='ltr'>v</span> <span class='ocrx_word' id='word_1_297' title='bbox 160 3889 191 3948; x_wconf 93' lang='lat' dir='ltr'>id</span> <span class='ocrx_word' id='word_1_298' title='bbox 214 3888 292 3964; x_wconf 90' lang='lat' dir='ltr'>quod</span> <span class='ocrx_word' id='word_1_299' title='bbox 316 3891 360 3947; x_wconf 89' lang='lat' dir='ltr'>est</span> <span class='ocrx_word' id='word_1_300' title='bbox 382 3887 413 3946; x_wconf 92' lang='lat' dir='ltr'>in</span> <span class='ocrx_word' id='word_1_301' title='bbox 436 3907 541 3947; x_wconf 84' lang='lat' dir='ltr'>comm.</span> <span class='ocrx_word' id='word_1_302' title='bbox 564 3887 707 3948; x_wconf 81' lang='lat' dir='ltr'>Seruiano</span> <span class='ocrx_word' id='word_1_303' title='bbox 729 3889 860 3965; x_wconf 88' lang='lat' dir='ltr'>pleniore</span> <span class='ocrx_word' id='word_1_304' title='bbox 883 3889 921 3946; x_wconf 89' lang='lat' dir='ltr'>ad</span> <span class='ocrx_word' id='word_1_305' title='bbox 943 3888 1035 3964; x_wconf 74' lang='lat' dir='ltr'>Ilerg.</span> <span class='ocrx_word' id='word_1_306' title='bbox 1059 3888 1134 3946; x_wconf 85' lang='lat' dir='ltr'>Aen.</span> <span class='ocrx_word' id='word_1_307' title='bbox 1160 3890 1236 3950; x_wconf 86' lang='lat' dir='ltr'>VIII</span> <span class='ocrx_word' id='word_1_308' title='bbox 1261 3889 1314 3949; x_wconf 81' lang='lat'>105</span> 
     </span>
     <span class='ocr_line' id='line_1_34' title="bbox 160 3964 1316 4056; baseline 0.002 -20"><span class='ocrx_word' id='word_1_309' title='bbox 160 3971 238 4036; x_wconf 80' lang='lat' dir='ltr'>”Do</span> <span class='ocrx_word' id='word_1_310' title='bbox 259 3972 341 4056; x_wconf 80' lang='lat' dir='ltr'>quod</span> <span class='ocrx_word' id='word_1_311' title='bbox 362 3970 447 4035; x_wconf 82' lang='lat' dir='ltr'>debes</span> <span class='ocrx_word' id='word_1_312' title='bbox 469 3971 506 4034; x_wconf 80' lang='lat' dir='ltr'>de</span> <span class='ocrx_word' id='word_1_313' title='bbox 526 3992 623 4035; x_wconf 76' lang='lat' dir='ltr'>moon</span> <span class='ocrx_word' id='word_1_314' title='bbox 645 3971 787 4051; x_wconf 71' lang='lat' dir='ltr'>dextra&#39;&#39;,</span> <span class='ocrx_word' id='word_1_315' title='bbox 810 3980 939 4052; x_wconf 88' lang='lat' dir='ltr'>utroque</span> <span class='ocrx_word' id='word_1_316' title='bbox 960 3977 1025 4036; x_wconf 89' lang='lat' dir='ltr'>loco</span> <span class='ocrx_word' id='word_1_317' title='bbox 1041 3964 1247 4038; x_wconf 51' lang='lat' dir='ltr'>numems&#39;ost</span> <span class='ocrx_word' id='word_1_318' title='bbox 1260 3983 1316 4037; x_wconf 80' lang='lat' dir='ltr'>tum</span> 
     </span>
     <span class='ocr_line' id='line_1_35' title="bbox 160 4065 1316 4144; baseline -0.001 -19"><span class='ocrx_word' id='word_1_319' title='bbox 160 4065 279 4125; x_wconf 89' lang='lat' dir='ltr'>humilis</span> <span class='ocrx_word' id='word_1_320' title='bbox 301 4069 422 4141; x_wconf 85' lang='lat' dir='ltr'>tamque</span> <span class='ocrx_word' id='word_1_321' title='bbox 445 4065 586 4136; x_wconf 88' lang='lat' dir='ltr'>abiectus,</span> <span class='ocrx_word' id='word_1_322' title='bbox 610 4069 646 4124; x_wconf 90' lang='lat' dir='ltr'>ut</span> <span class='ocrx_word' id='word_1_323' title='bbox 667 4065 842 4126; x_wconf 86' lang='lat' dir='ltr'>temeritatis</span> <span class='ocrx_word' id='word_1_324' title='bbox 865 4083 929 4125; x_wconf 88' lang='lat' dir='ltr'>esse</span> <span class='ocrx_word' id='word_1_325' title='bbox 955 4065 1093 4125; x_wconf 87' lang='lat' dir='ltr'>uideatur</span> <span class='ocrx_word' id='word_1_326' title='bbox 1117 4086 1168 4126; x_wconf 92' lang='lat' dir='ltr'>eos</span> <span class='ocrx_word' id='word_1_327' title='bbox 1188 4087 1244 4144; x_wconf 91' lang='lat' dir='ltr'>pro</span> <span class='ocrx_word' id='word_1_328' title='bbox 1258 4086 1316 4126; x_wconf 84' lang='lat' dir='ltr'>uer·</span> 
     </span>
     <span class='ocr_line' id='line_1_36' title="bbox 159 4154 1317 4235; baseline 0 -21"><span class='ocrx_word' id='word_1_329' title='bbox 159 4154 240 4215; x_wconf 85' lang='lat' dir='ltr'>sibus</span> <span class='ocrx_word' id='word_1_330' title='bbox 263 4158 359 4214; x_wconf 84' lang='lat' dir='ltr'>metro</span> <span class='ocrx_word' id='word_1_331' title='bbox 381 4154 546 4214; x_wconf 78' lang='lat' dir='ltr'>constrictis</span> <span class='ocrx_word' id='word_1_332' title='bbox 569 4156 684 4224; x_wconf 86' lang='lat' dir='ltr'>ducere,</span> <span class='ocrx_word' id='word_1_333' title='bbox 707 4155 881 4231; x_wconf 83' lang='lat' dir='ltr'>praesertim</span> <span class='ocrx_word' id='word_1_334' title='bbox 904 4174 972 4214; x_wconf 89' lang='lat' dir='ltr'>enm</span> <span class='ocrx_word' id='word_1_335' title='bbox 992 4154 1013 4213; x_wconf 91' lang='lat' dir='ltr'>ii</span> <span class='ocrx_word' id='word_1_336' title='bbox 1036 4173 1142 4215; x_wconf 89' lang='lat' dir='ltr'>uersus</span> <span class='ocrx_word' id='word_1_337' title='bbox 1159 4157 1317 4235; x_wconf 80' lang='lat' dir='ltr'>singulares</span> 
     </span>
     <span class='ocr_line' id='line_1_37' title="bbox 159 4242 1318 4321; baseline -0.001 -18"><span class='ocrx_word' id='word_1_338' title='bbox 159 4243 230 4316; x_wconf 84' lang='lat' dir='ltr'>sint,</span> <span class='ocrx_word' id='word_1_339' title='bbox 253 4262 306 4303; x_wconf 88' lang='lat' dir='ltr'>noo</span> <span class='ocrx_word' id='word_1_340' title='bbox 329 4244 423 4303; x_wconf 83' lang='lat' dir='ltr'>exstet</span> <span class='ocrx_word' id='word_1_341' title='bbox 444 4243 475 4302; x_wconf 92' lang='lat' dir='ltr'>id</span> <span class='ocrx_word' id='word_1_342' title='bbox 496 4261 590 4320; x_wconf 84' lang='lat' dir='ltr'>genus</span> <span class='ocrx_word' id='word_1_343' title='bbox 613 4242 776 4303; x_wconf 86' lang='lat' dir='ltr'>carminum</span> <span class='ocrx_word' id='word_1_344' title='bbox 798 4247 893 4303; x_wconf 83' lang='lat' dir='ltr'>metro</span> <span class='ocrx_word' id='word_1_345' title='bbox 920 4243 1081 4321; x_wconf 83' lang='lat' dir='ltr'>constringi</span> <span class='ocrx_word' id='word_1_346' title='bbox 1103 4245 1228 4305; x_wconf 85' lang='lat' dir='ltr'>solitum</span> <span class='ocrx_word' id='word_1_347' title='bbox 1250 4263 1318 4305; x_wconf 81' lang='lat' dir='ltr'>esse.</span> 
     </span>
    </p>

    <p class='ocr_par' dir='ltr' id='par_1_8' title="bbox 269 4325 1319 4412">
     <span class='ocr_line' id='line_1_38' title="bbox 269 4325 1319 4412; baseline 0 -19"><span class='ocrx_word' id='word_1_348' title='bbox 269 4325 297 4410; x_wconf 68' lang='grc' dir='ltr'>Ἰ</span> <span class='ocrx_word' id='word_1_349' title='bbox 320 4331 391 4393; x_wconf 81' lang='lat' dir='ltr'>Oola</span> <span class='ocrx_word' id='word_1_350' title='bbox 403 4331 553 4410; x_wconf 76' lang='lat' dir='ltr'>dIstinguo</span> <span class='ocrx_word' id='word_1_351' title='bbox 567 4331 680 4391; x_wconf 86' lang='lat' dir='ltr'>lineolis</span> <span class='ocrx_word' id='word_1_352' title='bbox 695 4333 871 4392; x_wconf 80' lang='lat' dir='ltr'>transuersis</span> <span class='ocrx_word' id='word_1_353' title='bbox 887 4333 1019 4409; x_wconf 79' lang='lat' dir='ltr'>singulis,</span> <span class='ocrx_word' id='word_1_354' title='bbox 1035 4332 1175 4409; x_wconf 84' lang='lat' dir='ltr'>periodos</span> <span class='ocrx_word' id='word_1_355' title='bbox 1189 4334 1319 4412; x_wconf 79' lang='lat' dir='ltr'>geminis.</span> 
     </span>
    </p>
   </div>
   <div class='ocr_carea' id='block_1_6' title="bbox 0 0 1468 4778">
    <p class='ocr_par' dir='ltr' id='par_1_9' title="bbox 0 0 1468 4778">
     <span class='ocr_line' id='line_1_39' title="bbox 0 0 1468 4778; baseline 0 0"><span class='ocrx_word' id='word_1_356' title='bbox 0 0 1468 4778; x_wconf 95' lang='lat' dir='ltr'> </span> 
     </span>
    </p>
   </div>
  </div>
 </body>
</html>
