2910 4778
225 305 327 352 LXXIV
700 305 865 352 Excvasvs
885 306 905 352 1.

225 479 344 542 ibidem
380 501 432 554 -;
468 476 702 543 aNumisio
726 483 831 544 autem
856 478 1081 544 Numerius
1127 502 1220 544 nemo
1244 481 1342 545 facile
1366 482 1398 545 in

225 617 262 658 oo
297 595 423 678 quidem
460 595 554 659 titulo
577 595 662 659 dicet
686 596 864 660 *Manios
888 595 1136 675 *Numasioi‚
1161 597 1246 680 quod
1271 600 1397 661 tantum

223 734 285 774 non
320 711 470 796 prohibet
503 710 574 793 ipsa
609 712 804 794 comparatio
839 712 1032 796 linguarum,
1059 714 1217 795 adquam
1243 713 1396 787 intitulo

147 837 157 855 ⁸
224 830 289 898 tem
328 832 453 891 uetusto
489 828 743 891 descendendum
778 831 835 907 est,
863 829 918 891 sed
943 829 1045 910 potius
1069 828 1225 892 Manios
1249 825 1397 893 Numa-

224 942 317 1007 sioi.
364 943 396 1006 id
432 948 517 1007 certe
552 965 588 1006 ex
624 965 660 1006 eo
694 943 788 1007 titulo
817 944 953 1007 efficitur
975 943 1135 1008 Romanos
1159 945 1397 1027 antiquissimos

224 1081 285 1122 non
322 1059 435 1123 dixisse
471 1059 671 1123 *Maneios
706 1058 981 1135 *Numasoios‚
1017 1082 1094 1144 ergo
1128 1082 1168 1123 ne
1204 1059 1396 1125 *Luceios

223 1173 293 1254 (aaut
316 1175 546 1251 *Leuceios)
571 1175 708 1259 quidem.
750 1175 829 1238 nihil
854 1176 954 1260 igitur
976 1176 1167 1258 relinquitur
1190 1177 1275 1250 unde
1299 1177 1396 1260 profi·

223 1290 361 1354 oiscatur
395 1292 554 1354 sententia
583 1290 763 1370 Ritschelii‚
788 1291 841 1374 qui
866 1292 967 1354 uoluit
990 1292 1160 1356 Luciom
1183 1292 1306 1355 dictum
1331 1315 1396 1357 esse

223 1430 242 1468 a
265 1405 466 1471 Luceiom.

330 1519 398 1585 Iam
414 1526 450 1585 ut
471 1523 510 1585 ad
527 1522 586 1586 hoc
602 1522 706 1605 ipsum
722 1545 916 1605 praenomen
932 1522 1049 1586 Lucii
1065 1527 1275 1602 transeamus,
1288 1528 1396 1587 uetus-

221 1638 335 1701 tissimi
362 1639 429 1701 eius
453 1638 592 1719 exempli
614 1639 734 1701 mentio
758 1638 828 1701 fieri
852 1639 979 1702 uidetur
1003 1662 1021 1701 a
1044 1638 1189 1702 Varrone
1213 1638 1234 1703 l.
1260 1639 1282 1702 l.
1309 1638 1356 1702 IX
1379 1639 1395 1722 ᾗ

223 1757 275 1832 60,
311 1755 395 1836 quod
430 1754 617 1817 femininum
654 1754 720 1817 eius
755 1754 892 1817 inueniri
929 1755 1006 1818 dicit
1039 1755 1073 1817 in
1098 1754 1246 1819 Carmine
1270 1753 1396 1831 Saliari,

222 1892 295 1932 nam
333 1870 517 1935 ”Luciam
540 1867 742 1933 Voluminam
767 1870 806 1949 (?
828 1869 871 1950 H,
895 1869 1099 1934 Voluminam
1128 1870 1163 1947 V,
1181 1869 1397 1936 Voluminiam

225 1985 271 2067 F)
310 1984 468 2049 Saliorum
507 1985 699 2049 carminibus
738 1984 950 2068 appellari'‘.·
975 1992 1006 2049 et
1036 1987 1082 2050 sic
1106 1987 1324 2051 scandendum
1348 1992 1394 2052 est

222 2101 352 2165 Lucia
374 2099 600 2165 Volumina.
647 2101 731 2184 quod
755 2103 905 2185 quoniam
930 2103 1006 2165 deae
1029 2125 1155 2181 nomen,
1176 2125 1238 2166 non
1255 2104 1397 2168 mulieris

223 2216 301 2280 mihi
325 2217 452 2280 uidetur
476 2239 555 2294 esse,
580 2217 609 2279 ei
633 2217 678 2279 rei
703 2239 765 2280 non
781 2218 913 2281 multum
932 2219 1046 2281 tribuo.
1079 2218 1157 2281 illud
1174 2240 1250 2282 uero
1267 2220 1398 2284 maioris

222 2333 374 2396 momenti
408 2333 491 2416 quod
526 2333 560 2395 in
595 2333 719 2417 graecis
754 2333 856 2397 titulis
880 2332 1012 2402 Λεὺκιος
1036 2337 1218 2397 constanter
1242 2335 1399 2418 scriptum

221 2470 289 2512 esse
313 2449 509 2532 reipublicae
533 2449 730 2532 temporibus
748 2449 901 2533 exemplis
919 2449 1150 2513 demonstrauit
1166 2449 1399 2536 Dittenberger·

220 2565 241 2629 l.
278 2587 304 2629 o.
341 2588 372 2648 p.
409 2566 473 2630 310
493 2564 527 2647 ¹).
575 2564 663 2628 nulla
698 2568 802 2628 autem
840 2565 907 2628 eius
936 2565 982 2628 rei
1006 2566 1160 2629 memoria
1185 2569 1291 2629 exstat
1316 2568 1399 2631 anti·

220 2681 312 2765 quior
349 2681 546 2762 temporibus
581 2679 674 2743 Lucii
708 2679 854 2743 Mummii
889 2680 942 2743 uel
977 2680 1068 2744 initio
1103 2681 1230 2763 septimi
1266 2684 1398 2747 saeculi.

218 2819 312 2880 quem
329 2798 369 2861 ab
386 2796 570 2880 aequalibus
587 2796 706 2859 dictum
723 2818 790 2859 esse
808 2796 992 2875 Lucium,
1009 2818 1071 2860 non
1089 2796 1312 2876 ”Lucium''‚
1326 2799 1397 2882 ipse

220 2914 311 2976 testis
349 2918 397 2975 est
430 2911 525 2975 titulo
562 2910 697 2975 Reatino
723 2909 791 2975 CIL
816 2910 863 2974 IX
887 2913 984 2976 4672.
1011 2914 1025 2974 1
1053 2913 1103 2976 De
1128 2913 1262 2976 decuma
1286 2910 1402 2979 Victor

219 3028 300 3092 tibei
323 3028 477 3092 Lucius
501 3027 639 3090 Munius
664 3027 813 3090 donum''.
861 3024 993 3096 Λεύκιος
1016 3029 1117 3110 igitur
1133 3051 1204 3092 cum
1221 3029 1402 3112 ueriloquio

217 3144 353 3226 quodam
377 3143 524 3227 populari
539 3143 630 3227 quasi
646 3164 797 3227 graecum
813 3165 928 3207 nomen
945 3166 981 3207 ex
997 3143 1097 3207 latino
1114 3165 1229 3228 graece
1246 3145 1399 3210 refictum

220 3261 272 3337 sit,
296 3260 445 3322 nimirum
470 3282 528 3342 per
544 3259 726 3345 analogiam
742 3260 886 3342 sequitur
901 3261 1030 3323 nomina
1052 3261 1180 3344 propria
1196 3266 1402 3344 paroxytona

225 3397 342 3460 graeca
370 3398 407 3439 ea
431 3398 512 3458 quae
535 3376 567 3438 in
592 3396 655 3445 -ιος
678 3376 835 3440 desinunt.
884 3397 921 3438 ea
945 3380 1051 3439 autem
1074 3375 1305 3458 paenultimam
1330 3399 1402 3442 cor·

219 3491 349 3574 ripiunt.
397 3513 530 3575 quorum
565 3492 806 3576 similitudinem
841 3490 960 3554 referre
996 3487 1129 3560 Λεῦκιος
1152 3514 1213 3554 non
1238 3493 1403 3574 potuisset

218 3608 279 3670 uisi
313 3607 432 3670 latinus
468 3629 571 3670 sermo
607 3607 637 3670 ei
672 3607 718 3670 rei
755 3629 864 3669 ansam
889 3607 1035 3669 dedisset.
1082 3607 1132 3669 sin
1156 3609 1243 3670 sexto
1268 3609 1402 3674 saeculo

220 3723 319 3785 latine
356 3723 476 3785 dictum
511 3727 594 3786 esset
629 3725 661 3786 et
695 3722 868 3785 *Lucius
893 3725 924 3784 et
948 3721 1118 3800 Lucina,
1144 3726 1398 3789 consentaneum

217 3839 278 3902 fuit
313 3861 331 3900 a
366 3839 491 3922 graecis
527 3860 650 3922 quoque
686 3838 797 3900 eadem
832 3837 987 3900 uarietate
1011 3838 1057 3900 ita
1082 3838 1143 3901 dici
1168 3841 1200 3900 et
1224 3836 1400 3910 *Λεΰκειος

330 4097 352 4173 ¹)
377 4101 421 4160 Cf.
457 4101 742 4160 Buecheler-Havet.
777 4101 812 4158 de
848 4101 953 4159 declin.
977 4100 993 4169 ἓ
1019 4101 1080 4158 108
1105 4122 1134 4176 p.
1162 4101 1200 4159 '75
1227 4104 1277 4160 ”la
1302 4104 1400 4163 forme

217 4186 358 4265 Lucium,
395 4191 464 4248 telle
493 4192 601 4266 qu’elle
626 4191 745 4248 existait
769 4209 834 4248 vers
857 4191 918 4248 l’an
944 4190 1006 4246 520
1032 4189 1066 4247 de
1090 4191 1193 4258 Rome,
1219 4191 1294 4249 etait
1317 4193 1400 4252 iden·

216 4281 299 4355 tique
323 4286 340 4338 a
364 4281 393 4337 la
416 4281 509 4338 forme
534 4299 661 4355 grecque
685 4270 848 4335 Aebntou’k
