2910 4778
546 317 617 365 cae.
636 317 679 363 v1.
699 309 714 376 ς
735 319 758 365 e.
1145 312 1238 361 xcvu

57 452 130 553 non
164 492 288 553 uertam
321 489 404 573 quod
438 489 620 574 ignorantia
654 490 814 574 peccauit:
850 489 928 553 fecit
961 491 997 552 ut
1020 487 1133 571 potuit.
1179 489 1236 553 sed

59 604 134 668 eius
158 626 268 668 uersus
291 603 325 667 hi
349 608 437 669 sunt:

174 718 230 783 ”ut
253 720 280 783 si
302 724 396 786 uocet
419 720 574 785 Camenas
618 721 689 805 quis
714 742 827 785 nouem
850 741 973 784 sorores

173 838 205 898 et
227 833 352 900 Naeuio
374 841 488 919 poetae
533 838 579 901 sic
602 837 709 900 ferunt
731 835 876 900 Metellos

173 973 244 1015 cum
267 973 361 1034 saepe
385 952 589 1015 laederentur
633 974 703 1015 esse
727 951 934 1015 comminutos

174 1067 305 1131 'dabunt
327 1067 446 1131 malum
470 1067 594 1132 Metelli
640 1065 765 1132 Naeuio
788 1069 914 1151 poetae'
990 1108 992 1113 ·

173 1183 293 1248 dabunt
316 1183 436 1247 malum
459 1183 584 1247 Metelli
630 1183 744 1247 clauda
766 1205 841 1266 pars
866 1183 993 1247 dimetri

172 1321 245 1362 nam
269 1298 314 1362 nil
338 1301 429 1364 obest
451 1298 600 1363 trochaeo
644 1299 741 1383 longa
763 1299 848 1382 quod
871 1321 1018 1382 suprema
1043 1302 1100 1363 est.

10 1468 13 1477 .
59 1415 165 1479 multo
199 1414 233 1478 hi
267 1437 377 1478 uersus
411 1415 559 1479 tersiores
593 1419 667 1477 sunt
700 1450 739 1460 —
772 1436 964 1498 quamquam
988 1437 1068 1478 unus
1092 1414 1234 1491 uitiosus,

58 1531 154 1594 cuius
184 1530 310 1614 utrique
340 1529 543 1594 hemistichio
578 1530 667 1594 deest
702 1551 832 1595 caesura
857 1528 1088 1595 ''korschiana”
1114 1531 1235 1595 -sed

56 1650 152 1711 sunt·
172 1646 321 1710 torsiones
353 1645 524 1710 horridulis
548 1649 643 1729 atque
667 1645 835 1728 incomptis
858 1645 922 1709 illis
947 1645 1132 1730 alogiorum,
1156 1668 1235 1729 quo·

54 1779 135 1826 {rum
171 1762 342 1845 scriptores
369 1761 529 1825 Lucienus
552 1760 690 1825 Mueller
713 1761 912 1846 grauissimis
935 1760 1042 1826 uerbis
1065 1761 1234 1845 increpuit.

53 1878 154 1961 ‘atqui
177 1877 228 1941 fac
252 1876 378 1941 Liuium
402 1874 624 1961 Naeuiumque
649 1877 720 1943 aliis
743 1899 806 1940 non
822 1898 894 1940 usos
911 1897 993 1951 esse3
1017 1876 1103 1961 finge
1120 1898 1234 1960 poema

53 1992 147 2056 tanti
169 1993 317 2071 ambitus,
341 1993 453 2076 quanti
476 1993 538 2056 fuit
561 1991 695 2076 Odyssia
716 1970 893 2057 Andronici
910 1996 965 2057 aut
979 1990 1096 2057 Naeuii
1112 1992 1233 2057 bellum

58 2108 242 2192 poenicum
278 2130 338 2172 non
368 2108 546 2192 suppressis
569 2107 723 2185 thesibus,
747 2129 810 2172 non
833 2109 989 2172 uarietate
1013 2106 1235 2173 trochacorum

50 2224 304 2306 'iamborumque
329 2223 527 2287 distinctum:
552 2223 721 2308 intelleges
745 2223 809 2287 tale
828 2245 941 2307 poema
958 2223 1084 2307 epicum
1099 2223 1234 2288 lectores

57 2340 315 2424 defatigatorum
351 2339 448 2403 fuisse
477 2339 695 2403 similitudinis
719 2339 866 2404 satietate
890 2361 1023 2405 summa.
1070 2342 1102 2402 et
1125 2361 1234 2403 rursus

50 2455 174 2520 rconfer
195 2454 280 2519 hunc
303 2455 407 2519 locum
430 2453 549 2519 Naeuii
573 2455 625 2538 (fr.
653 2454 719 2538 10.)

237 2575 362 2635 inerant
385 2575 478 2655 signa
501 2575 651 2654 expressa
697 2573 759 2654 quo
781 2572 874 2641 modd
896 2569 1003 2635 Titeini

238 2687 419 2770 bicorpores
443 2686 598 2771 Gigantes
644 2687 754 2771 magni
778 2687 873 2770 aitque
897 2687 1045 2751 Atla‘utes

236 2801 366 2865 Runcus
391 2803 427 2866 etc
451 2801 632 2886 Porpureus
678 2802 743 2865 iilir‘
765 2800 889 2867 Terras

52 2919 152 2982 uides
176 2921 265 3012 uates
288 2918 358 2981 illos
382 2917 520 2982 Faunios
544 2940 607 2981 non
631 2919 725 2982 modo
747 2919 925 3001 suppressis
950 2918 1094 2982 thesibus
1121 2940 1233 2982 uerum

54 3035 160 3099 etiam
195 3033 361 3116 principiis
395 3056 544 3097 uersuum
580 3034 763 3097 distinctam
792 3038 915 3098 secutos
940 3056 1008 3097 esse
1032 3034 1231 3100 uarietatem.

169 3147 389 3232 Reprehendit
424 3149 475 3214 00
511 3150 702 3214 Muellerum
734 3149 764 3213 A
792 3149 932 3234 Spengel
954 3149 1038 3232 quod
1060 3149 1232 3214 iambicum

52 3285 231 3330 numerum
255 3266 287 3328 in
304 3288 399 3330 uersu
415 3264 563 3330 Saturnio
579 3288 641 3330 non
658 3267 835 3329 seruauerit
852 3264 1062 3348 aequabiliter
1079 3264 1112 3347 ¹).
1149 3266 1232 3348 quod

58 3383 199 3447 fortasse
233 3404 295 3445 non
319 3386 368 3445 est
392 3382 560 3446 admodum
586 3382 718 3466 dignum
743 3380 1006 3463 reprehensione;
1030 3382 1096 3459 sed,
1120 3380 1232 3464 quale·

55 3519 186 3581 cunque
210 3500 268 3575 est,
293 3501 378 3561 certe
403 3519 439 3561 eo
462 3498 588 3561 nomine
612 3521 675 3562 non
700 3496 752 3561 00
776 3497 913 3561 Mueller
936 3497 991 3560 sed
1014 3495 1151 3560 Romani
1168 3497 1231 3581 ipsi

55 3612 326 3696 reprehendendi,
363 3613 417 3696 qui
440 3613 521 3677 tales
545 3614 652 3677 facere
675 3611 839 3677 Saturnios
853 3612 932 3675 ausi
955 3615 1029 3675 sunt
1051 3634 1153 3695 neque
1177 3632 1232 3676 cu·

54 3731 174 3793 rerunt
208 3731 314 3792 utrum
344 3730 423 3792 bene
448 3752 488 3791 an
511 3729 594 3792 male
618 3728 821 3813 grammatici
844 3731 916 3810 post
939 3729 1000 3791 duo
1023 3728 1111 3791 milia
1135 3749 1232 3792 anno·

53 3865 132 3909 rum
156 3845 194 3908 de
219 3866 256 3907 ea
279 3867 313 3907 re
337 3848 442 3908 essent
465 3844 687 3908 existimaturi.
733 3866 796 3908 non
819 3844 967 3927 equidem
990 3865 1139 3926 assequor
1155 3843 1232 3926 quid

174 4092 199 4175 ¹)
222 4099 259 4161 A.
284 4099 410 4176 Spengel
434 4100 540 4158 Philol.
565 4099 667 4159 XXIII
690 4120 720 4176 p.
745 4099 796 4158 83.
816 4099 882 4158 ”die
899 4093 1080 4175 (Saturnier)
1096 4098 1232 4156 verloren

53 4192 133 4266 jetzt
167 4189 251 4246 ihren
285 4189 534 4246 herkommlichen
558 4189 738 4248 iambischen
762 4189 882 4265 anfang,
906 4188 947 4247 sie
970 4189 1101 4247 lronnten
1125 4186 1233 4246 ebenso

52 4284 115 4356 gut
138 4277 306 4336 troch'aisch
328 4276 423 4335 sein’'.

1075 4401 1125 4446 VII
