2910 4778
569 333 639 379 CAP.
658 332 729 378 VIII.
1103 332 1238 381 CLXXXV

300 510 329 571 3.
376 505 579 582 Quaternarii
603 506 798 588 anapaestici
823 505 999 569 acatalecti.

63 645 176 719 Ἵππος
209 670 246 732 με
271 645 366 735 φέρει,
392 648 535 730 βασιλεὺς
559 669 597 732 με
621 652 723 734 τρὲτρετ
747 656 765 712 d
788 654 816 711 V
840 654 879 711 31
906 653 987 711 Suid.
1012 654 1093 712 coisl.
1119 648 1235 733 27311).

64 761 139 827 Ὑπὸ
175 766 262 826 παντὶ
286 765 366 846 λίθῳ
390 767 535 846 σκορπίος
559 759 639 826 εὕδει
663 770 681 828 d
704 769 779 827 VIII
805 770 845 828 59
868 790 888 846 p
912 769 956 827 VI
981 771 1021 828 20
1045 789 1058 828 s
1084 761 1180 828 Oche.
1198 787 1236 848 ρ.

171 883 213 945 81
237 886 319 946 Suid.
343 888 430 945 Phot.
457 917 497 926 -—
521 879 668 941 καθεῦδει
691 879 762 962 p2).

62 993 205 1078 Σπαρτὰν
229 994 352 1080 ἔλαχες,
378 997 512 1078 οπαρτὰν
536 998 644 1078 κόσμει
667 1000 765 1061 Schol.
789 1001 913 1060 Theocr.
937 1001 965 1058 V
990 1001 1028 1059 61
1046 995 1084 1072 ³).

257 1232 287 1294 4.
334 1228 546 1316 Tetrapodiae
570 1229 776 1314 logaoedicae
801 1228 854 1292 uel
877 1227 1038 1312 Glyconei.

64 1368 224 1457 Mra-pepe
248 1373 338 1458 σορὸν
363 1366 397 1434 οἱ)
420 1376 606 1436 πόιε1011111.
632 1336 853 1448 cois1.¹3414).

60 1485 186 1549 Ἔνεοτι
209 1484 265 1549 τάν
290 1488 424 1572 puppique
447 1488 527 1572 χολή
551 1515 570 1569 p
594 1494 641 1552 III
667 1494 706 1551 70
731 1495 749 1552 b
775 1495 838 1552 412
864 1495 882 1552 d
905 1493 948 1551 IV
973 1493 1013 1550 48
1039 1491 1121 1550 Suid.

61 1598 124 1664 Τὸν
148 1599 275 1664 Λίθίοπ
295 1600 329 1665 ἐκ
353 1613 406 1688 τῆς
430 1601 526 1686 ὄψεως
550 1610 568 1667 d
592 1610 635 1668 VI
662 1603 969 1685 10(εο11.γινώον1ω).
1023 1621 1024 1624 ’

178 1857 201 1932 ¹)
225 1861 359 1937 Usurpat
385 1863 463 1920 idem
487 1861 630 1921 Horatius
655 1881 701 1936 ep.
726 1861 739 1918 Ι
766 1861 817 1920 17.
842 1861 883 1918 20
908 1866 937 1919 et
960 1861 1039 1919 Acro
1064 1861 1101 1919 ad
1124 1880 1191 1919 eum
1216 1863 1241 1920 l.2

62 1983 106 1992 -
143 1951 365 2010 macedonicum
402 1971 463 2010 esse
499 1951 529 2009 id
555 1951 748 2026 prouerbium
773 1951 902 2009 ostendit
925 1950 1074 2009 enarratio
1097 1951 1125 2007 in
1152 1951 1188 2018 D,
1213 1952 1237 2009 si

60 2042 153 2100 modo
187 2042 257 2098 fides
293 2041 318 2097 ei
353 2041 488 2099 habenda
524 2045 578 2098 est.
625 2059 678 2098 nec
712 2059 784 2098 uero
809 2040 913 2097 dubito
938 2039 1009 2114 quin
1033 2039 1072 2096 sit
1096 2039 1241 2098 Zenobia-v

60 2151 153 2189 num:
178 2131 351 2205 praesertim
376 2149 443 2188 cum
467 2129 493 2187 ci
517 2129 576 2187 sint
598 2129 697 2187 uicina
721 2129 751 2186 in
775 2129 858 2186 codd.
885 2129 903 2186 d
927 2129 1042 2203 aliquot
1057 2128 1236 2187 Zenobiana.

60 2240 119 2279 cur
142 2238 201 2277 non
225 2223 319 2277 exstet
341 2218 397 2277 nisi
420 2219 451 2276 in
473 2219 500 2276 D
525 2237 613 2276 causa
636 2223 681 2276 est
712 2219 792 2293 quod
815 2218 873 2276 fuit
893 2219 923 2276 in
939 2224 1070 2275 extrema
1088 2217 1102 2275 I
1117 2218 1236 2276 litterae

61 2329 150 2370 serie.

176 2391 203 2474 2)
227 2397 292 2455 Ηοο
314 2397 507 2472 prouerbium
534 2399 713 2471 usurpatum
737 2400 781 2454 est
805 2417 821 2453 a
845 2395 975 2453 Praxilla
1000 2399 1029 2453 et
1053 2415 1070 2452 a
1094 2395 1239 2471 Sophocle

63 2492 96 2547 et
121 2487 157 2545 ab
182 2485 393 2561 Aristophane.
439 2506 469 2543 u.
495 2486 552 2544 loci
575 2486 618 2543 illi
643 2505 716 2560 quos
734 2485 820 2542 affert
837 2485 1012 2560 Blaydesius
1029 2485 1065 2542 ad
1083 2485 1238 2560 Aristoph.

62 2579 173 2636 thesm.
204 2575 277 2633 529.

175 2659 202 2740 ³)
223 2654 366 2739 Σπάρταν
402 2655 527 2740 ἔλαχες,
562 2660 663 2719 κείναν
698 2661 806 2740 κόσμει
839 2664 858 2720 d
891 2662 967 2719 VIII
1004 2662 1054 2720 16.
1103 2659 1238 2738 οπάρτοιν

65 2756 164 2813 altero
180 2755 245 2812 loco
261 2752 365 2828 scripsi
388 2767 474 2829 pero
498 2753 627 2810 litteram
654 2753 849 2810 minusculam
874 2753 954 2826 quod
981 2752 1115 2826 suspicor
1138 2753 1237 2809 lusum

61 2843 185 2904 subesse
207 2843 369 2901 uerborum
394 2843 423 2899 in
440 2841 636 2917 ambiguitate
652 2841 793 2916 positum=
811 2841 881 2915 quia
898 2845 928 2897 et
944 2841 1098 2898 dicebatur
1114 2831 1239 2918 Σπάρτη

61 2934 138 2992 urbs
173 2935 203 2989 et
239 2928 354 3009 οπάρτη
387 2951 458 3006 ager
482 2931 630 2988 dimensus
655 2934 745 3005 atque
770 2930 947 3006 assignatus
973 2930 1007 2986 de
1032 2949 1092 3004 quo
1116 2931 1237 3004 etymol.

62 3043 105 3080 m.
146 3021 219 3079 740.
255 3021 306 3079 45.
354 3022 389 3078 do
424 3020 479 3078 hoc
514 3020 673 3096 prouerbio
705 3021 767 3096 egit
791 3019 906 3094 copiose
931 3018 1069 3076 Benseler
1092 3019 1122 3076 in
1144 3019 1241 3077 lexico

63 3111 219 3170 nominum
243 3110 432 3186 propriorum
456 3128 479 3168 s,
503 3129 533 3167 u.
559 3099 691 3186 Σπάρτη.
739 3109 790 3167 sed
813 3109 896 3184 origo
921 3107 982 3165 eius
1003 3108 1126 3166 incerta.
1159 3111 1239 3166 certe

63 3200 146 3276 sapit
180 3201 344 3270 oraculum,
369 3203 405 3256 ut
428 3218 490 3256 eam
514 3203 630 3274 partem
654 3197 818 3255 hexametri
840 3197 936 3272 primo
960 3197 1050 3255 luisse
1074 3197 1240 3255 coniectare

66 3290 168 3349 liceat.
215 3279 273 3344 Ἣν
298 3281 413 3365 ἔλαχες
436 3278 576 3363 Σπάρταν
600 3285 709 3364 κόσμει
733 3289 751 3345 d
774 3286 849 3344 VIII
874 3288 926 3344 46.
974 3276 1094 3363 Koopec
1111 3279 1146 3341 ἂν
1164 3278 1241 3341 ἐ’λα·

64 3393 122 3456 χες
147 3368 286 3454 Σπάρταν
310 3376 392 3435 Suid.

175 3530 284 3594 Ἀετοο
320 3542 417 3617 γῆρας
443 3530 572 3613 κορίνδοο
603 3536 707 3616 νεότης
729 3558 748 3614 p
772 3537 802 3596 Π
827 3537 911 3635 301)
936 3537 976 3594 36
1002 3537 1020 3593 d
1045 3536 1059 3594 Ι
1084 3538 1123 3594 56
1150 3537 1238 3593 dime-

64 3655 113 3707 ter
137 3647 194 3704 erit
217 3647 421 3722 anapaesticus
444 3647 468 3704 si
491 3645 593 3703 licebit
615 3663 697 3703 more
722 3645 821 3704 dorico
846 3650 882 3698 ᾶε
898 3644 1081 3712 contrahere,
1099 3645 1134 3700 ut
1151 3632 1239 3704 ἀετὸς

64 3737 105 3796 sit
130 3735 319 3810 disyllabum.
1002 3808 1005 3813 ·

177 3816 213 3895 Ὗ
226 3824 262 3882 In
285 3844 304 3900 p
327 3824 354 3881 V
381 3825 420 3882 12
445 3825 500 3882 hoc
515 3823 708 3900 prouerbium
724 3823 865 3881 omissum
881 3826 935 3890 est,
960 3825 1079 3880 seruata
1095 3820 1237 3895 interpre-

63 3913 160 3973 tatio:
193 3902 362 3968 ”Boolsca
391 3905 423 3967 δὲ
448 3902 550 3979 εἰπεῖν,
575 3903 620 3968 ὅτι
645 3909 699 3988 μία
722 3901 822 3991 ἡμέρα
848 3899 902 3967 οὐκ
927 3901 963 3986 ’ἐᾷ
988 3899 1030 3973 εἰς
1054 3911 1159 3981 γνῶσιν
1183 3900 1239 3984 ἐρ-

65 3997 183 4078 paleo,
219 3991 238 4078 ἢ
265 3990 308 4064 εἷς
335 3992 506 4077 ἀρ,αθὶαν”.
543 4035 574 4044 ψ
609 4000 690 4058 πόιεῖ
712 4001 844 4059 iambus:
869 4021 901 4058 u.
927 3999 962 4058 G.
987 4000 1088 4074 Meyer
1111 4017 1238 4072 gramm.

63 4085 131 4170 gr.²
156 4091 172 4160 ξ
199 4090 258 4148 155
283 4111 334 4166 ρρ.
361 4090 421 4149 105
447 4094 477 4149 et
502 4090 575 4150 166.
622 4090 825 4165 Westphalius
849 4083 966 4147 metr.³
989 4109 1018 4164 p.
1046 4087 1118 4144 132.
