2910 4778
139 295 223 340 CCXX
524 295 711 343 PRAEFATIO
730 297 909 358 EDI'PIONIS.

139 467 249 531 sertim
283 469 336 551 qui
373 469 405 532 in
442 469 601 552 plerisque
627 493 645 532 a
668 470 883 553 superioribus
907 469 1080 547 discedam,
1105 470 1185 534 satis
1206 470 1298 534 haheo

139 585 302 648 nominare
337 584 395 648 hos
418 585 516 650 libros
540 589 572 648 et
596 586 834 668 disputationes,
858 607 937 669 quas
962 589 1094 669 praeter
1119 589 1238 650 ceteras
1258 586 1299 650 le·

139 721 215 783 gere
251 700 346 765 debet
373 701 552 784 quicunque
576 702 749 786 cognitioni
773 701 896 765 numeri
919 701 1054 765 saturnii
1079 692 1213 784 operam
1235 702 1314 766 dat:-

140 814 173 879 0.
210 814 246 880 Ο.
282 815 419 879 Mueller
454 817 502 880 ed.
539 816 686 881 Festinae
722 839 753 899 p.
789 819 869 895 4433
900 816 953 882 Fr.
978 815 1162 882 Buecheler
1183 839 1213 882 n.
1236 840 1299 881 aaa.

139 928 324 995 LXXXVII
349 934 541 1008 330-34‘2;
572 929 619 997 Id.
644 934 709 997 ind.
733 932 832 998 schol.
857 937 934 997 aest.
959 933 1062 999 Bonn.
1087 957 1117 998 a.
1145 934 1244 1012 1876;
1265 932 1300 997 Α.

140 1044 279 1131 Spengel
302 1046 411 1131 philol.
436 1045 546 1111 XXIII
571 1049 741 1125 81—113;
766 1049 803 1113 L.
829 1048 934 1112 Have-t
959 1048 1122 1114 'bibliotln
1147 1050 1185 1112 de
1201 1049 1299 1114 l'ecole

140 1163 194 1225 (166
230 1162 342 1226 hautes
377 1164 497 1227 e‘tudes’
533 1163 609 1228 fasc.
634 1161 742 1227 XLIII
779 1162 814 1228 P.
842 1165 942 1241 1880;
967 1163 1046 1227 Luc.
1069 1163 1220 1228 Mueller.
1244 1165 1299 1228 'der

140 1276 205 1342 Sat.
241 1276 323 1341 Vers
359 1301 388 1342 u.
425 1301 449 1343 6.
485 1278 692 1343 Denlrmitler'
728 1279 765 1343 L.
792 1280 894 1355 1885;
919 1278 979 1344 Th.
1003 1279 1132 1344 Korsch
1155 1281 1195 1344 de
1218 1302 1300 1346 versu

140 1395 281 1458 saturnio
315 1394 466 1478 Mosquae
504 1397 606 1470 1869;
638 1394 729 1458 Aem.
756 1394 919 1460 Baehrens
942 1395 1075 1480 Fragm.
1099 1399 1222 1479 poetar.
1245 1395 1298 1460 Ro·

139 1533 260 1573 manor.
297 1509 334 1574 L.
362 1511 463 1588 18863
500 1509 556 1575 Cn.
587 1509 692 1574 Naeui
716 1513 754 1575 de
781 1512 863 1576 bello
886 1512 1001 1594 punico
1026 1511 1185 1595 reliquiae
1209 1510 1299 1576 recl

140 1625 266 1689 Vahlen
290 1625 328 1690 L.
354 1629 449 1689 1854.

246 1741 328 1804 Rem
350 1746 453 1805 tracto
476 1746 711 1806 controuersam
736 1744 864 1808 dubiam
887 1743 1055 1812 lubricam.
1082 1748 1116 1806 et
1134 1765 1193 1827 per
1208 1765 1240 1807 se
1252 1744 1298 1808 oh-

140 1879 264 1920 scuram
289 1861 321 1919 et
344 1858 394 1920 cui
418 1858 509 1920 multi
534 1859 717 1941 opinionum
741 1859 926 1923 commentis
950 1859 1126 1922 offuderint
1149 1861 1296 1923 tenebras

139 1972 173 2035 in
207 1971 268 2035 hac
302 1977 392 2035 tanta
427 1973 611 2056 opinionum
646 1975 812 2053 uarietate,
855 1997 926 2038 cum
957 1964 1103 2038 auctores
1127 1975 1161 2038 in
1186 1975 1298 2038 diuersa

140 2087 280 2166 trahant,
303 2110 365 2150 non
391 2088 500 2152 dubito
523 2091 600 2172 quin
623 2089 715 2153 multi
739 2089 847 2153 multis
871 2090 947 2153 16616
983 2090 1186 2154 scansionem
1210 2112 1298 2154 meam

141 2203 205 2265 sint
227 2204 446 2286 improbaturi.
484 2205 549 2282 sed,
573 2206 753 2288 quicunque
777 2207 894 2270 librum
911 2227 1016 2269 meum
1032 2207 1189 2291 legeritis,
1215 2227 1299 2290 qnae·

140 2339 174 2381 so
197 2321 343 2401 reputate
368 2319 446 2383 11666
472 2319 542 2384 duo.
590 2321 738 2402 primum,
764 2322 848 2405 quod
872 2343 963 2384 nemo
987 2323 1110 2405 peritus
1134 2345 1200 2387 non
1222 2322 1299 2385 uide·

141 2434 199 2507 hit.
229 2435 402 2519 diligenter
436 2436 557 2499 seruari
592 2437 755 2501 scansione
780 2459 850 2500 mea
873 2436 962 2520 leges
985 2438 1191 2520 prosodiaoas
1215 2436 1300 2521 prisci

140 2551 295 2613 sermonis
318 2550 410 2613 latini
434 2552 578 2635 cognitas
601 2551 719 2616 fabulis
742 2551 850 2615 Plauti
866 2557 898 2616 et
913 2552 1072 2631 Terentii;
1097 2577 1173 2617 nam
1190 2553 1301 2617 Ennius

138 2666 310 2729 imitationi
334 2665 527 2730 Graecorum
560 2668 736 2731 inseruiens
770 2669 982 2752 proprietates
1017 2670 1174 2752 quasdam
1211 2669 1298 2753 prisci

140 2783 294 2845 sermonis
318 2783 370 2846 uel
393 2784 572 2866 opprimere
596 2785 718 2848 studuit
741 2786 792 2848 uel
816 2785 1000 2869 reprimere,
1024 2787 1109 2868 quod
1126 2808 1221 2850 nemo
1236 2789 1301 2849 ante

141 2921 212 2963 eum
248 2903 379 2962 conatus
415 2903 483 2963 erat
517 2899 688 2969 Romanus.
724 2901 840 2964 nedum
874 2901 989 2965 Fannii
1021 2906 1112 2965 uates
1143 2901 1301 2967 Ennianos

140 3016 321 3079 seueritatis
356 3017 451 3079 duces
485 3021 580 3100 atque
616 3024 759 3080 auctores
791 3018 989 3081 exsisterent.
1045 3017 1161 3081 deinde
1196 3017 1304 3081 uidetis

140 3130 306 3215 rhythmos
341 3154 489 3196 uersuum
524 3133 715 3207 italicorum,
739 3155 817 3216 quos
842 3133 937 3209 edidi,
961 3136 1051 3215 aptos
1076 3154 1146 3195 esse
1171 3133 1303 3196 1616166

141 3251 236 3330 atque
248 3247 361 3310 intima
373 3249 564 3333 cognatione
577 3249 769 3315 coniunctos.
782 3272 907 3313 omnem
919 3249 1055 3331 denique
1068 3271 1238 3313 numerum
1249 3269 1305 3332 quo

140 3359 245 3426 Italici
269 3363 316 3426 illi
340 3365 462 3447 antiqui
487 3364 627 3427 carmina
651 3364 874 3429 deuinciebaut
897 3387 960 3428 uno
983 3365 1121 3445 quodam
1149 3365 1305 3429 societatis

140 3478 267 3541 uinculo
303 3480 469 3543 contineri.
516 3483 559 3557 et,
594 3481 677 3562 quod
712 3481 937 3563 grauissimum
961 3483 1019 3556 est,
1043 3480 1126 3563 quod
1152 3479 1304 3562 explicant

140 3595 299 3678 capitibus
331 3592 378 3659 IV
401 3600 434 3659 et
456 3595 487 3658 V
519 3596 827 3680 prolegomenorum,
863 3594 1110 3679 rhythmicis
1144 3596 1306 3680 legibus

140 3711 329 3795 quibusdam
363 3712 447 3775 suis
472 3716 585 3794 parent
608 3713 749 3775 carmina
773 3713 944 3776 domestica
968 3716 1063 3794 atque
1088 3712 1222 3796 antiqua
1244 3709 1305 3775 Ita·

140 3827 282 3891 licorum.
329 3849 448 3911 eaeque
471 3827 561 3910 leges
586 3863 626 3874 -
651 3828 678 3890 si
702 3829 742 3892 ab
766 3828 917 3891 incisione
941 3828 1045 3891 media
1065 3828 1127 3891 coli
1144 3827 1307 3892 Saturnio-

139 3965 209 4006 rum
244 3943 376 4026 propria
410 3943 592 4006 discesseris
624 3979 663 3986 —
696 3947 770 4006 sunt
793 3943 963 4007 monocolis
987 3943 1133 4007 uersibus
1159 3966 1231 4008 cum
1254 3942 1306 4007 Sa-

133 4059 254 4122 'turniis
289 4080 482 4123 communes,
528 4061 561 4122 at
595 4059 628 4122 in
655 4059 850 4143 prosodia
872 4058 953 4121 nihil
977 4058 1044 4122 fere
1068 4060 1206 4123 interest
1229 4060 1306 4123 inter

140 4196 252 4239 uersus
276 4175 468 4240 domesticae
491 4175 569 4238 artis
593 4180 626 4238 et
638 4176 799 4238 scaenicos
811 4174 988 4257 priscorum
1012 4179 1189 4258 poetarum.
1226 4174 1306 4239 scili-

139 4296 192 4355 cet
213 4290 248 4355 in
270 4294 404 4375 utroque
428 4312 547 4376 genere
571 4290 720 4373 imposita
744 4295 813 4354 erat
828 4291 932 4374 poetis
948 4290 1121 4354 necessitas
1139 4295 1173 4354 et
1187 4312 1308 4356 summa
