2910 4778
250 308 271 356 l»
754 306 799 352 DE
819 306 912 352 THES.

358 480 400 547 lta
437 500 505 544 esse
540 478 720 543 italicorum
755 478 930 542 carminum
967 478 1113 562 periodos
1141 478 1260 541 mixtas
1283 499 1325 542 ex
1349 479 1419 543 celis

251 596 301 662 ιιιιΙ
326 594 538 681 anapaesticis
562 598 594 658 et
617 594 762 658 iambicis
779 594 832 658 uel
848 593 982 678 dactylis
999 597 1032 658 et
1047 592 1216 658 trochaicis
1232 615 1266 677 p.
1282 591 1418 661 XXXIX

250 734 298 797 aq.
324 711 470 777 uidiruus.
516 710 602 774 idem
624 711 657 774 in
681 708 875 774 Graecorum
898 710 987 792 poesi
1010 709 1116 792 prisca
1138 712 1171 773 et
1186 709 1340 793 populari
1356 710 1416 775 fieri

250 826 384 893 restabat.
432 830 466 890 ut
488 826 567 891 illud
583 825 675 909 qued,
692 828 774 889 teste
793 824 915 905 Proclo,
932 825 1105 890 Eleusiniis
1122 827 1326 897 cantabatur.
1342 825 1418 909 quel

249 942 287 1007 aad
313 936 487 1027 ΙΙροηρὸσια
510 941 713 1005 referendum
736 962 803 1005 esse
832 941 923 1006 docet
948 939 1135 1025 Bergkius⁴
1159 963 1233 1024 pop.
1260 943 1279 1006 9
1307 936 1417 1022 ssepa.

250 1060 327 1143 κόμη
352 1060 492 1144 γέφυραν·
520 1053 523 1142 l
549 1053 618 1119 ὅσον
643 1051 724 1119 οὕτω
748 1058 812 1138 τρὶς
827 1056 995 1118 καλέουσιν.
1033 1060 1065 1120 et
1080 1057 1245 1140 popularis
1261 1057 1421 1121 cantilena

248 1172 333 1257 apud
357 1171 536 1237 Chariclem
560 1172 676 1236 Keckii
700 1192 778 1236 cem.
803 1171 886 1254 frag.
911 1169 1016 1236 1112.
1041 1194 1072 1255 p.
1098 1174 1179 1238 394:

353 1284 491 1351 Atoaou'
516 1284 631 1371 Ἑκάτη
655 1286 775 1369 τριοδῖτι
853 1317 885 1326 -
906 1303 941 1340 J.
960 1311 985 1339 υ
1005 1311 1030 1340 υ
1050 1278 1084 1340 ,ι’
1103 1311 1128 1340 υ
1148 1311 1174 1339 υ
1193 1303 1227 1341 ,ι-
1247 1295 1274 1366 q

353 1397 507 1490 τρίμορφε,
531 1399 717 1485 τριπρόσωπε
857 1427 883 1455 υ
908 1419 942 1456 L
986 1427 1011 1455 υ
1051 1419 1086 1455 m
1129 1427 1154 1456 υ
1195 1413 1276 1483 ια-

354 1518 491 1602 τρὶγλαις
512 1519 687 1603 κηλευμένα
862 1547 891 1556 -
912 1536 947 1572 ,ι-
1055 1535 1089 1572 -ι
1198 1535 1232 1572 ,a
1252 1543 1277 1571 υ
1299 1535 1336 1572 m

353 1634 462 1700 Etiam
496 1638 532 1698 ut
566 1633 635 1698 cola
669 1635 740 1718 ipsa
774 1635 826 1698 uel
861 1657 898 1698 ex
932 1636 1046 1700 iambis
1082 1639 1114 1699 et
1148 1636 1334 1718 anapaestis
1368 1635 1420 1703 uel

247 1750 380 1837 dactylis
404 1753 436 1815 et
459 1750 617 1814 trochaeis
641 1750 857 1830 miscerentur,
875 1751 958 1833 quod
974 1751 1218 1815 commemoraui
1235 1773 1266 1834 p.
1283 1749 1346 1815 XL
1360 1774 1395 1835 sq
1402 1800 1417 1827 .,

247 1888 313 1931 runa
351 1867 413 1930 fuit
451 1866 625 1948 antiquitus
664 1864 793 1930 Graecis
832 1888 904 1930 cum
943 1864 1033 1930 Italis
1072 1866 1256 1930 communis.
1318 1871 1355 1930 ut
1389 1867 1441 1931 in'

247 1982 478 2067 upIgrammate
509 1980 689 2063 ‘Epidauria
716 1978 815 2046 Inscr.
841 1982 914 2046 dial.
939 2004 1046 2067 graec.
1071 1976 1420 2063 eremitarumque<

247 2093 381 2182 ἀνέθηκε
408 2093 411 2181 l
438 2104 489 2156 τῶι
514 2092 734 2178 Ἀακλαπιμῑιμ
757 2117 794 2160 ne
818 2100 956 2181 μάκτρας.
1003 2098 1059 2161 sed
1081 2098 1213 2182 longum
1238 2103 1287 2160 est
1313 2120 1425 2162 exem·-

139 2206 142 2211 ’
246 2213 303 2299 pla
339 2213 452 2277 afferre
488 2234 605 2296 graeca
640 2213 697 2292 rei,
733 2214 816 2296 qued
850 2213 890 2277 ad
926 2212 1064 2278 Graecos
1099 2214 1224 2291 attinet,
1260 2214 1343 2277 satis
1367 2237 1422 2279 ne-

244 2332 296 2395 tae
331 2333 364 2392 et
398 2330 438 2393 ab
473 2327 544 2393 aliis
579 2331 852 2393 commemoratae.
898 2352 929 2395 u.
964 2327 1088 2395 Usener
1111 2328 1132 2393 l.
1158 2350 1184 2394 c.
1208 2351 1262 2412 pp.
1290 2331 1333 2395 97
1359 2352 1416 2414 sq,

246 2448 279 2507 et
315 2446 387 2508 120.
422 2441 461 2510 Ο.
498 2442 627 2508 Orusius
661 2467 702 2507 m.
728 2443 775 2508 rh.
800 2441 910 2509 XLIII
933 2467 964 2528 p.
990 2445 1063 2510 306.
1089 2444 1130 2508 Η.
1155 2444 1325 2510 Gleditsch
1349 2443 1366 2508 l
1388 2445 1424 2515 Μ.

245 2558 352 2625 Aut.2
376 2583 408 2643 p.
434 2560 496 2624 709
515 2559 552 2641 ⁹).

351 2675 442 2740 Haec
475 2675 576 2759 igitur
609 2676 753 2740 membra
787 2676 1010 2758 clausulaeque
1046 2677 1167 2740 ictuum
1191 2679 1422 2759 quaternorum.

247 2796 462 2870 ternorumue‚
497 2813 579 2874 quae
614 2792 789 2856 carminum
825 2792 1023 2875 antiquorum
1049 2791 1262 2856 Romanorum
1289 2794 1424 2877 propria.

245 2910 354 2985 luisse}
379 2908 527 2985 uidimus,
564 2907 674 2970 eadem
710 2908 885 2991 antiquitus
919 2907 1048 2971 fuerunt
1083 2907 1275 2971 Graecorum
1296 2908 1332 2990 ¹).
1383 2930 1421 2972 ae.

244 3128 505 3193 lacedaemonium,
541 3129 619 3203 qued
655 3127 754 3204 pueris
788 3128 966 3186 saltantibus
990 3127 1108 3186 recitari
1131 3127 1254 3196 solebat,
1278 3147 1351 3205 pop.
1379 3128 1420 3188 17Ι

244 3210 308 3275 Β4
331 3206 440 3293 Πόρρω
464 3211 531 3293 γὰρ,
556 3205 579 3270 ὡ
596 3210 711 3283 παῖδες,
728 3209 807 3272 πόδα
825 3207 828 3296 l
848 3212 997 3293 μετάβατε
1020 3212 1073 3272 καὶ
1088 3208 1247 3293 κωμάξατε
1266 3206 1269 3295 l
1289 3207 1414 3292 βέλτιον.

354 3305 462 3364 Rarius
486 3305 574 3363 etiam
594 3306 727 3364 inuenies
743 3306 773 3362 in
790 3325 824 3364 eo
839 3324 946 3380 genere
963 3305 1126 3364 carminum
1142 3305 1341 3380 tetrapodiam
1359 3311 1422 3366 tre·-

248 3395 379 3454 ehaicam
395 3395 607 3464 catalecticam,
625 3415 715 3470 quam
732 3388 766 3452 B
782 3394 882 3452 littera
899 3394 1061 3452 maiuscula
1077 3393 1219 3469 significa.
1245 3412 1422 3455 annumero

244 3487 289 3543 est
325 3483 472 3542 cantilena
507 3483 558 3541 illa
592 3503 754 3559 puerorum
789 3502 858 3559 pop.
884 3483 924 3540 22
948 3483 976 3540 A
1000 3477 1147 3560 &qast
1170 3473 1278 3560 Ἔξεχ’
1304 3473 1329 3537 ὡ
1353 3479 1415 3565 φίλ’

243 3563 349 3629 Ἥλιε.
396 3573 572 3647 saepiusque
596 3575 660 3631 cola
684 3573 746 3631 eius
770 3571 886 3646 generis
910 3575 980 3630 sunt
1003 3572 1083 3647 apud
1105 3589 1227 3647 graecos
1243 3571 1431 3648 logaoedica*

243 3663 262 3721 i.
288 3682 313 3720 e.
339 3660 491 3737 Glyconei.
537 3664 573 3719 ut
595 3662 643 3719 tit.
668 3661 825 3736 Argolicus
848 3664 1040 3736 peruetustus
1062 3663 1092 3717 et
1107 3659 1310 3719 sinistrorsum
1327 3663 1417 3738 scrip

243 3759 293 3810 tus
329 3750 421 3809 Inser.
457 3750 528 3808 dial.
564 3769 661 3826 graec.
697 3749 782 3808 3261
819 3740 978 3828 Ἡρακλῆς
1006 3739 1104 3812 ἄλιιος
1127 3745 1221 3824 γέρων
1245 3739 1414 3823 (illarum

243 3829 356 3915 ιἰλῖροςί
384 3859 414 3898 u.
440 3839 508 3898 adn.
532 3839 702 3897 Prellwitnii
726 3839 764 3896 ad
787 3859 855 3897 eum
877 3837 922 3909 1.).

354 3922 377 4000 ¹)
401 3927 518 3988 Scilicet
552 3947 611 3987 non
644 3928 687 3986 ita
719 3928 783 3986 dice
806 3929 861 3986 hec
885 3927 970 4002 quasi
994 3931 1047 3984 aut
1069 3946 1173 4002 negem
1198 3930 1251 3985 aut
1274 3929 1413 4001 nesciam,

243 4017 323 4093 quod
357 4037 442 4077 nemo
476 4036 535 4076 non
557 4017 650 4088 uidet,
676 4015 803 4076 Graecos
828 4035 887 4091 qua
911 4019 996 4074 erant
1018 4017 1156 4074 ubertate
1180 4015 1301 4092 ingenii,
1326 4020 1414 4094 plura

242 4106 388 4165 inuenisse
422 4107 505 4183 quasi
530 4108 674 4165 elementa
697 4105 864 4180 rhythmica
888 4109 978 4180 atque
1002 4124 1036 4162 ex
1060 4104 1188 4163 iuuentis
1211 4106 1300 4182 lenge
1323 4109 1414 4167 maio-

241 4213 305 4252 rem
338 4195 465 4255 effecisse
498 4196 686 4255 uarietatem.
733 4197 763 4253 et
797 4213 833 4253 ne
868 4213 970 4254 eorum
1002 4193 1121 4268 quidem
1145 4213 1221 4269 quae
1245 4197 1414 4255 communia

241 4286 313 4341 suut
343 4302 415 4343 usus
449 4283 526 4342 idem
548 4285 686 4360 gentibus
710 4283 864 4343 ambabus.
909 4285 945 4341 ut
968 4287 998 4340 et
1021 4284 1085 4342 cela
1108 4281 1319 4357 semiquinaria
1342 4285 1420 4344 iam.
