2910 4778
480 337 591 384 Etcum
618 337 701 384 MORT
707 336 823 383 VORVM.

83 1159 113 1211 2·
208 1140 358 1239 Elogium
387 1141 420 1220 L.
449 1139 588 1220 Cornelii
616 1139 672 1219 Cn.
700 1140 724 1219 f.
753 1139 913 1238 Scipionis
941 1138 1090 1219 Barbati.

152 1297 209 1339 eos.
235 1297 264 1339 a.
291 1274 486 1356 coecari,
511 1296 589 1339 cena.
616 1274 815 1340 CCCCLXI
819 1275 852 1338 V.
899 1296 958 1338 ser.
982 1295 1059 1337 screa.
1091 1273 1145 1338 VI.

147 1475 339 1548 Cornelius
368 1477 500 1549 Lucius
529 1475 651 1569 Scipio
681 1476 866 1546 Barbatus

53 1612 55 1616 '
145 1601 317 1673 Gnaiuod
345 1599 454 1694 patre
483 1602 702 1695 prognatus,
758 1599 869 1672 fortis
897 1604 956 1670 ur'r
983 1599 1219 1693 sapiensque,

146 1722 279 1863 quofurs
307 1770 431 1842 forma
458 1771 616 1842 ulrtritei
671 1759 864 1864 parisumai
891 1759 976 1840 fuit.

147 1894 276 1967 consol
303 1894 436 1968 censor
464 1896 586 1967 aidssis
642 1894 727 1987 quei
756 1890 830 1966 fuit
858 1894 958 1988 apud
986 1917 1065 1991 uos.

146 2019 325 2090 Taurasia
354 2018 513 2091 Cisauna
568 2017 720 2091 Samnio
750 2017 863 2112 cepit,
1212 2032 1237 2083 5.

145 2144 286 2236 subigit
315 2143 426 2216 omne
455 2143 668 2216 Louoanam
697 2143 919 2237 opinionisque
948 2142 1136 2215 abdouoit.

170 2371 204 2436 2.
250 2374 313 2434 CIL
348 2376 391 2433 VI
426 2375 1071 2451 1285.130.PLMxxxv11l·3.rep.a.
1098 2375 1236 2434 1780511

58 2466 199 2540 sepulcro
233 2464 402 2540 Scipionum
436 2484 527 2540 prope
551 2484 581 2522 u.
606 2465 733 2540 Appiam
758 2473 841 2522 extra
864 2486 893 2540 p.
920 2465 1076 2540 Capenam,
1101 2485 1179 2523 nuno
1204 2464 1233 2523 in

62 2573 140 2612 mus.
174 2554 266 2612 uatic.
303 2555 430 2629 elogium
466 2554 497 2611 iu
521 2554 618 2612 antioc
642 2554 766 2612 incisum
791 2554 976 2629 sarcophagi,
1002 2554 1084 2611 cuius
1108 2554 1137 2610 in
1161 2575 1236 2611 mar·

60 2642 132 2717 gine
167 2642 318 2717 superiore
342 2643 434 2702 rubro
459 2644 555 2701 colore
579 2643 676 2717 pictus
700 2647 745 2700 est
768 2643 815 2700 hio
838 2643 945 2700 titulus
969 2643 1135 2717 antiquior:
1162 2689 1168 2700 .
1196 2688 1202 2700 .
1230 2688 1237 2702 .

66 2731 91 2788 Ο
119 2730 186 2789 GN·
208 2731 246 2791 F·
269 2730 406 2790 SCIPIO.
452 2731 578 2789 saturnii
601 2735 778 2806 separantur
800 2731 830 2788 in
853 2731 943 2789 titulo
960 2750 1018 2789 non
1036 2732 1172 2790 uersibus
1188 2732 1239 2790 sed

63 2820 178 2879 lineolis
203 2818 270 2891 (--)
293 2821 343 2878 uel
366 2828 437 2879 nota
460 2821 475 2878 I
498 2825 668 2878 transuersa
692 2840 783 2894 quam
806 2820 877 2878 dicit
900 2819 997 2878 Varro
1021 2840 1068 2895 ap.
1093 2820 1236 2878 Rufinum

64 2908 109 2966 VI
135 2930 165 2984 p.
192 2911 265 2968 555.
292 2910 330 2966 12
356 2903 402 2967 K.
433 2945 465 2951 -
494 2913 563 2966 ante
586 2910 664 2967 huno
687 2910 811 2966 titulum
835 2910 910 2966 alter
934 2928 1034 2966 erasus
1058 2910 1146 2967 unius
1169 2929 1234 2967 uer·

63 3016 115 3056 sus
138 3002 169 3055 et
191 2998 298 3056 tertiae
322 2999 385 3056 fere'
406 2998 508 3074 partis.

135 3106 215 3216 AV.
242 3107 273 3173 1.
301 3134 331 3172 u.
364 3114 411 3172 ad.
436 3114 511 3189 elog.
538 3114 567 3170 3.
594 3115 623 3171 3.
652 3147 686 3155 —
714 3130 745 3171 tr.
770 3111 800 3172 3.
825 3079 963 3187 quoius
987 3113 1234 3187 monosyllabum,

62 3231 102 3285 ut
125 3228 206 3286 eius
241 3229 306 3288 ded.
340 3230 465 3287 Mumm.
491 3229 651 3286 2=deu
679 3228 707 3286 7.
733 3230 762 3286 2.
789 3260 828 3266 -
855 3222 1065 3302 parisuma.
1111 3248 1142 3285 u.
1168 3229 1236 3286 adn.

64 3318 106 3375 ad
137 3318 201 3375 ded.
228 3319 256 3375 4.
283 3321 301 3376 6
326 3323 356 3376 et
380 3319 418 3376 cf.
442 3317 606 3376 Buecheler
629 3337 697 3374 ann.
721 3317 794 3392 phil.
821 3315 904 3375 1863
928 3337 958 3392 p.
984 3319 1058 3376 336.
1088 3351 1122 3360 -
1149 3333 1181 3374 u.
1207 3316 1236 3375 6.

62 3409 148 3464 earet
182 3407 315 3477 diaeresi,
351 3426 416 3464 eam
451 3407 487 3465 ob
513 3425 575 3464 rem
598 3407 659 3464 siue
683 3407 768 3464 hiatu
792 3406 931 3475 decurrit,
956 3406 1066 3480 illaque
1089 3405 1235 3465 Louca·

109 3491 168 3520 Α

63 3552 148 3590 nam
172 3532 405 3607 opsidesque
429 3531 609 3606 synaloepha
633 3534 751 3589 coeunt.

173 3674 305 3732 Saturnii
328 3674 421 3732 trium
445 3673 611 3748 primorum
635 3672 799 3748 elogiorum
816 3672 986 3748 Scipionum
1006 3676 1077 3730 sunt
1093 3672 1235 3742 omnium,

62 3764 237 3839 quicunque
260 3765 386 3826 exstant.
411 3762 532 3838 pessimi
555 3766 646 3836 atque
670 3761 832 3836 asperrimi.
