2910 4778
230 318 303 366 LXII
709 317 877 366 Excvltsvs
895 319 916 364 1.

232 512 341 556 eorum
363 495 413 555 est
436 511 570 554 examen
594 489 786 569 faciendum,
810 492 847 553 ut
869 489 1103 553 consideremus
1126 488 1203 573 quid
1221 489 1261 554 de
1278 511 1406 575 quoque

231 607 416 671 existimare
440 606 622 670 debeamus.

338 720 388 786 Ac
422 721 562 805 primum
584 741 792 806 segregemus
815 720 919 784 minus
942 723 1031 784 certa
1054 720 1212 803 exempla,
1235 742 1301 806 quo
1324 743 1403 805 pau·

230 837 322 902 latim
345 837 385 901 ad
409 836 546 901 certiora
567 836 750 900 ueniamus..

337 951 474 1035 Propter
512 952 667 1015 incertam
696 950 798 1035 igitur
821 951 1119 1034 interpretationem
1142 952 1308 1017 scansione
1333 956 1405 1018 sunt

231 1067 347 1131 incerti
370 1088 481 1132 uersus
503 1066 647 1151 paeligni

234 1182 327 1268 Elog.
353 1183 382 1246 6.
408 1183 427 1246 6
452 1182 575 1246 aided
599 1182 679 1246 eire
702 1186 774 1246 vds
796 1182 968 1266 pritrom
1058 1185 1234 1264 epatris
1258 1205 1363 1266 puna

1082 1297 1169 1362 ecic

200 1462 203 1467 «
273 1463 286 1493 „
358 1464 371 1494 ,‚
406 1413 536 1478 7lexe
559 1414 660 1477 issar
683 1413 869 1478 didacus
957 1411 1246 1477 'de‘tihandstu

1082 1528 1300 1595 Here'ntas

338 1742 410 1824 53.
456 1738 526 1805 Iam
562 1742 600 1805 de
635 1741 722 1804 Liuii
746 1744 779 1805 et
801 1739 919 1806 Naeuii
943 1742 1136 1805 carminibus
1160 1764 1271 1806 uersus
1295 1766 1403 1828 gram·

229 1858 338 1921 matici
367 1860 535 1921 seruarunt
558 1860 590 1921 et
612 1856 755 1942 singulos
779 1861 812 1920 et
833 1857 941 1940 plures
965 1858 1168 1922 coniunctim.
1214 1859 1404 1943 singula·

229 1995 293 2037 res
317 1973 379 2056 ipsi
401 1973 559 2056 quomodo
581 1972 692 2036 scandi
715 1974 853 2038 debeant
868 1973 1056 2058 plerumque
1072 1977 1178 2056 potest
1193 1976 1405 2058 probabiliter

231 2089 393 2164 constitui,
428 2089 617 2171 praesertim
652 2110 723 2152 cum
757 2088 959 2170 grammatici
993 2089 1026 2152 in
1062 2089 1231 2153 afferendis
1259 2092 1405 2156 uersibus

229 2204 356 2288 saepius
392 2226 429 2267 ea
463 2205 512 2266 usi
547 2204 611 2267 sint
644 2205 768 2268 ratione
804 2208 839 2267 ut
872 2226 935 2268 non
958 2208 1083 2287 partem
1107 2223 1227 2285 uersus,
1250 2208 1308 2270 sed
1333 2229 1404 2270 uer-

229 2342 299 2384 sum
322 2320 483 2402 integrum
508 2320 734 2384 describerent.
780 2323 1010 2398 uerumtamem
1033 2323 1078 2398 ut,
1096 2321 1252 2403 quomodo
1267 2323 1402 2406 quisque

229 2434 441 2520 singularium
464 2435 592 2499 illorum
615 2457 765 2499 uersuum
787 2436 958 2499 scandatur
981 2440 1013 2498 et
1036 2435 1108 2499 aliis
1123 2435 1201 2499 locis
1217 2436 1313 2501 aliter
1330 2459 1403 2502 con-

230 2551 375 2615 stituitur
401 2573 460 2614 nec
483 2550 549 2614 ullo
573 2551 640 2614 fere
664 2551 732 2615 loeo
755 2573 819 2614 non
843 2573 906 2614 une
929 2550 1051 2615 ratione
1075 2552 1244 2634 probabili,
1260 2552 1308 2617 ita
1324 2554 1404 2622 nihil

229 2667 296 2730 fere
320 2666 416 2750 plane
439 2669 529 2730 uetat
554 2666 668 2730 multos
692 2688 801 2730 eorum
818 2665 912 2730 aliter
928 2666 1068 2745 discribi,
1085 2667 1152 2730 siue
1169 2667 1249 2730 uelis
1265 2669 1405 2753 ineptire

231 2781 298 2846 siue
315 2782 512 2845 scansionem
526 2781 772 2865 probabiliorem
786 2781 891 2845 minus
903 2782 1276 2869 probabilinposthabere.
1305 2807 1404 2867 quare

231 2919 421 2961 enumerans
444 2897 539 2960 huius
563 2897 690 2980 generis
715 2897 861 2980 exempla
883 2898 987 2980 primo
1002 2897 1140 2962 scribam
1157 2898 1405 2984 uniuscuiusque

230 3034 343 3076 uersus
368 3014 605 3096 discriptionem
629 3013 888 3096 scansionemque
912 3013 1162 3095 probabiliorem
1182 3014 1300 3078 litteris
1319 3037 1407 3080 cras-

232 3129 378 3208 sioribus,
403 3129 517 3192 deinde
540 3130 644 3192 minus
668 3129 851 3212 probabiles
873 3129 990 3192 litteris
1014 3129 1157 3194 exilibus,

229 3297 300 3362 Liu.
326 3299 345 3362 6
384 3301 509 3381 tuque
532 3298 629 3362 mihi
653 3300 820 3362 narra'to
866 3298 999 3361 (immisi
1022 3298 1208 3361 disertim

391 3464 398 3479 .
423 3465 430 3478 .
457 3465 464 3478 .
488 3423 582 3495 tuque
600 3413 611 3495 Η
628 3420 700 3478 mihi
723 3422 845 3479 narrato
868 3419 966 3477 dmnid
1011 3419 1145 3477 disertim
1169 3464 1177 3478 .
1203 3461 1209 3475 .
1235 3461 1243 3477 .

263 3503 352 3583 (ciel)
383 3512 505 3583 tuque
528 3508 600 3567 mihi
623 3512 744 3569 narrato
790 3510 817 3567 ό.
843 3509 871 3566 d.
895 3502 1050 3583 Henetus,
1075 3501 1168 3654 {pech
1178 3502 1329 3586 Mueller,

1112 3613 1148 3654 ce
1169 3613 1252 3655 rena.

230 3761 349 3826 Line
387 3764 516 3845 neque
539 3762 711 3826 tamted
733 3761 890 3826 oblitus
936 3766 1018 3826 siim
1042 3761 1379 3827 Laertiendster

389 3879 453 3958 (uel
476 3881 603 3962 ne'que
627 3880 756 3942 tamen
779 3879 811 3940 te
836 3876 954 3941 oblitus
979 3928 986 3942 .
1012 3877 1112 3942 ..uel
1134 3880 1267 3959 neque
1291 3878 1406 3945 enim

1082 3993 1138 4056 ted
1159 3992 1277 4056 oblitus
1304 4044 1310 4056 .
1338 4044 1345 4058 .
1374 3996 1396 4078 .)

390 4133 485 4192 neque
505 4118 571 4174 tam
595 4119 624 4173 te
647 4115 759 4174 oblitus
782 4114 848 4175 sum
894 4113 1012 4172 Laertie
1034 4116 1136 4174 no'ster
1158 4123 1192 4160 -'
1214 4136 1244 4144 -

390 4224 487 4280 neque
509 4208 573 4263 tdm
595 4199 649 4263 ted
670 4204 781 4263 oblitus
826 4203 893 4262 edm
916 4202 1034 4262 Laertie
1057 4205 1158 4263 ndster

391 4313 486 4368 neque
510 4296 573 4352 tam
596 4288 649 4352 ted
670 4295 781 4354 oblitus
855 4337 867 4365 ,
975 4337 986 4365 „
1100 4337 1112 4365 ‚
