2910 4778
544 309 613 355 CAP.
632 308 677 356 VI.
697 301 712 367 ξ
733 309 756 354 5.
1154 309 1235 356 LXIX

61 505 93 546 u.
115 482 297 557 secundum,
312 504 406 564 quem
420 482 557 545 editores
571 481 748 545 Ritschelio
761 486 889 545 auctore
903 481 948 545 sic
960 481 1057 566 uulgo
1069 482 1234 545 scandunt:

62 598 253 662 ''Luciom
276 596 468 681 Scipione
515 598 539 661 f.
563 597 635 677 B.''‚
659 599 691 662 id
708 620 805 665 unum
820 598 958 660 maxime
975 598 1109 661 interest
1124 598 1235 681 quaeri

60 713 199 777 Romani
234 713 359 777 saeculo
394 716 483 777 sexto
519 713 658 777 dixerint
692 713 854 778 Luciom
890 735 931 776 an
965 712 1147 777 Lucium.
1195 714 1231 776 de

60 829 157 914 Elog.
194 832 224 892 4.
262 829 291 903 (i,
320 829 375 911 qui
398 851 509 892 uersus
533 830 578 892 sic
602 830 711 893 scandi
734 829 832 894 solet:
858 827 1019 906 '’Terra',
1044 828 1140 893 Publi
1162 851 1235 912 pro-

61 948 197 1030 gnatum
220 944 334 1010 Publio
359 944 518 1024 Corneli‘'‚
546 927 760 1030 quaerendum
786 948 843 1025 est,
867 968 943 1009 num
967 944 1013 1008 -A
1036 944 1234 1023 nominatim,

58 1061 319 1145 paenultima
354 1061 567 1144 producta,
603 1061 741 1125 nondum
766 1063 862 1126 breue
886 1061 984 1125 fuerit
1007 1064 1142 1125 exeunte
1166 1082 1235 1124 sae·

58 1178 132 1242 culo
155 1182 251 1241 serto.

173 1391 190 1473 ᾗ
216 1392 246 1455 5.
293 1391 434 1454 Primum
470 1392 570 1476 igitur
592 1391 626 1454 in
650 1392 898 1474 disputationem
922 1393 1031 1456 ueniat
1055 1389 1234 1470 ΙΝΟΙΟΜ,

64 1508 161 1571 euius
184 1507 414 1590 paenultimam
437 1506 631 1570 Ritschelius
647 1508 794 1590 producit
810 1512 841 1570 et
857 1508 889 1571 in
905 1507 966 1571 hoc
982 1530 1076 1571 uersu
1093 1507 1187 1591 Elog.
1205 1509 1236 1570 3.

65 1625 96 1702 2,
124 1624 162 1686 de
187 1645 249 1705 quo
273 1624 391 1707 agitur,
416 1627 447 1685 et
471 1623 565 1706 lllog.
579 1625 608 1686 2.
629 1625 657 1699 1,
675 1624 720 1687 sic
737 1624 907 1689 scandens:
925 1623 1140 1688 Corne'lids
1157 1623 1235 1686 Lu·

57 1743 147 1802 cius
184 1737 291 1821 Scipio
320 1738 511 1802 Barbatus''.
558 1761 621 1821 qua
644 1762 792 1802 mensura
816 1741 965 1822 quoniam
988 1744 1090 1803 metro
1115 1740 1234 1821 optime

56 1855 244 1931 consulitur,
268 1878 363 1938 quam
387 1855 503 1918 uellem
528 1878 598 1918 eam
622 1856 699 1918 satis
723 1856 942 1920 confirmasset
966 1857 1180 1940 argumentis!

166 1969 251 2037 Nam
286 1973 370 2054 quod
406 1970 532 2034 Schoell
566 1994 608 2036 m.
641 1971 689 2036 rh.
713 1971 770 2036 XL
796 1974 857 2035 321
885 1995 953 2055 sqq.
979 1994 1053 2036 osca
1076 1973 1233 2056 quaedam

56 2088 127 2150 eius
151 2088 273 2171 figurae
298 2088 427 2150 nomina
451 2088 681 2171 paenultimam
705 2089 878 2170 producere
903 2089 990 2167 dicit,
1014 2089 1047 2151 id
1071 2110 1133 2152 non
1149 2087 1233 2150 mul-

55 2207 127 2266 tum
162 2203 249 2265 ualet
284 2204 323 2266 ad
359 2204 637 2267 demonstrandam
672 2204 855 2286 prosodiam
889 2205 1032 2268 latinam.
1085 2205 1170 2287 quod
1206 2204 1233 2266 si

56 2319 135 2402 quid
172 2319 268 2396 ualet,
303 2319 409 2401 potius
445 2342 480 2382 ex
516 2321 753 2415 comparatione
782 2320 945 2383 nominum
969 2342 1112 2383 oscorum
1137 2341 1234 2404 argu·
1273 2398 1275 2404 Α

54 2437 166 2498 menta
201 2456 307 2497 sumas
338 2457 394 2498 cur
417 2434 524 2498 Latini
548 2436 716 2514 Lucina,
740 2458 803 2500 non
827 2435 982 2500 Lucius
1006 2436 1121 2498 dixisse
1145 2435 1234 2498 uide-

56 2554 163 2614 antur.
209 2573 283 2613 nam
319 2551 503 2635 paelignum
532 2551 703 2617 Loucies
729 2550 752 2614 l.
778 2549 802 2614 I.
828 2551 852 2614 l.
878 2551 933 2614 Zv.
959 2553 1011 2630 37,
1037 2552 1077 2615 38
1103 2551 1234 2615 dubium

56 2671 118 2742 est,
153 2666 236 2748 quod
271 2665 418 2750 Paeligni
453 2690 516 2731 non
551 2668 655 2751 inagis
690 2690 786 2750 quam
822 2668 1034 2751 antiquissimi
1057 2664 1233 2730 Romanii

55 2783 188 2866 longam
212 2783 252 2846 ab
277 2779 292 2844 I
316 2783 406 2845 breui
430 2783 588 2865 scriptura
612 2784 808 2866 distinguere
833 2784 986 2847 solebant.
1032 2786 1064 2846 at
1080 2782 1136 2845 illa
1152 2805 1233 2865 quae

55 2899 91 2961 in
129 2919 203 2960 uase
241 2919 395 2980 campano
431 2898 585 2980 inscripta
621 2902 694 2961 suut
728 2898 753 2962 Ι.
789 2898 814 2961 Ι.
838 2898 864 2963 l.
890 2901 953 2963 135
977 2898 1032 2963 Zv.
1057 2898 1233 2961 Luvcies

57 3013 274 3078 Cnaiviies
302 3037 385 3077 sum
413 3037 526 3089 nonne,
551 3017 577 3078 si
601 3017 693 3079 inodo
718 3016 839 3099 aliquid
862 3015 961 3078 tribui
985 3018 1111 3097 oportet
1133 3015 1234 3096 scrip-

55 3133 150 3193 turae
174 3130 334 3209 uarietati,
358 3130 507 3194 uidentur
530 3132 576 3194 ita
601 3132 736 3216 legenda
760 3153 827 3194 esse
844 3134 880 3193 ut
896 3131 927 3193 in
945 3130 1119 3194 Luvoies
1136 3153 1235 3212 pacu-

56 3245 206 3308 ultimam
231 3246 393 3328 corripias
417 3247 450 3308 in
475 3246 690 3311 Onaiviies
715 3248 893 3329 producas?
939 3246 1112 3309 Luvikis
1130 3249 1234 3308 autem

57 3359 237 3426 Ohtavis
260 3359 286 3424 l.
311 3359 336 3423 l.
361 3360 386 3425 I.
411 3361 466 3426 Zv.
492 3364 565 3426 128.
592 3364 610 3425 5
636 3366 667 3426 et
691 3363 843 3427 Luvlris
864 3361 1118 3425 Vhtavisnon
1134 3362 1235 3424 ausim

56 3469 210 3560 equidem
235 3481 321 3541 certo
344 3478 502 3541 affirmare
527 3479 647 3542 dictum
672 3501 739 3542 esse
765 3478 1022 3561 aLuv(i)ki1‘s
1038 3476 1235 3541 Vhtavii‘s

58 3598 94 3657 et
131 3615 193 3657 non
218 3616 237 3656 a
261 3592 500 3673 *Luv(i)kii's
524 3593 751 3658 *Vhtavii's
798 3596 854 3658 sed
877 3598 985 3658 tamen
1008 3595 1109 3657 multo
1133 3595 1235 3657 credi-

57 3709 158 3774 bilius
183 3712 232 3773 est
255 3707 353 3773 Oscos
378 3711 494 3774 dixisse
518 3709 720 3775 Vhtavies
744 3711 941 3794 paenultima
958 3711 1058 3788 breui,
1076 3714 1111 3772 ut
1127 3709 1235 3773 Latini

58 3823 272 3889 Octavius.
318 3826 456 3908 itemque
480 3826 654 3890 Marsicum
677 3826 804 3897 Pacui
813 3849 852 3890 es
876 3824 901 3889 I.
927 3824 952 3890 l.
977 3826 1022 3889 M.
1046 3825 1100 3890 Zv.
1119 3827 1158 3889 41
1177 3847 1234 3888 ne·

59 3942 129 4005 scio
158 3963 200 4004 an
223 3941 451 4023 paenultimam
477 3943 637 4024 corripiat,
662 3948 697 4006 ut
720 3944 853 4006 latinum
877 3941 1064 4005 Pacuius.
1112 3944 1144 4004 et
1167 3940 1236 4017 ueri

59 4057 166 4122 simile
192 4061 241 4120 est
264 4079 335 4120 osce
360 4056 480 4121 Vibis
505 4055 530 4120 Ι.
556 4057 593 4121 Ο.
618 4058 707 4124 Zvet.
732 4060 774 4122 48
800 4060 911 4122 eodem
928 4059 1020 4122 modo
1038 4060 1236 4120 contractum

60 4197 131 4239 esse
157 4197 175 4238 a
199 4172 338 4237 Vibiis
362 4171 387 4236 l.
414 4172 451 4236 O.
476 4173 566 4238 Zvet.
591 4175 631 4236 47
657 4176 692 4254 (i.
718 4197 742 4239 e.
768 4175 938 4255 *Vibisa
962 4196 1023 4256 quo
1047 4172 1145 4235 latine
1163 4170 1234 4234 Vi·

60 4291 123 4356 bis
158 4293 202 4353 50
237 4289 329 4353 Selia.
366 4314 384 4352 a
419 4289 581 4353 *Vibies
606 4289 747 4372 (Vibius)
772 4290 896 4372 aliaque
921 4289 1078 4352 similiter.
1125 4288 1235 4370 atquin
