2910 4778
146 306 226 353 CLIV
600 307 645 353 DE
664 307 869 353 exarsurus

147 479 288 562 paenitet
318 479 352 541 in
381 501 548 543 numerum
571 501 718 543 uersuum
744 479 924 543 italicorum
948 480 1121 563 recepisse,
1148 482 1192 544 27
1220 481 1323 546 Plena

148 596 226 658 erclis
260 596 343 658 andra
370 597 465 674 cernit,
497 596 581 678 quod
606 595 739 659 fortasse
765 598 899 659 estnon
923 597 1134 678 prouerbium
1159 599 1321 681 populare,

146 711 200 773 sed
236 711 395 775 sententia
431 711 517 775 docti
552 711 614 774 uiri
639 718 671 775 et
693 716 821 793 sumpta
844 734 884 774 ex
907 711 1034 776 litteris.
1083 716 1198 777 cetera
1223 719 1322 779 autem

145 848 256 890 eorum
290 848 373 910 quae
407 827 552 909 proxime
589 828 774 890 enumeraui
810 849 878 891 esse
913 829 1086 910 prouerbia
1124 830 1254 914 antiqui
1275 831 1320 895 uel

143 944 335 1006 confirmant
369 943 559 1007 testimoniis
594 943 646 1006 uel
681 952 718 1005 e'o
755 943 919 1007 declarant
952 945 1036 1027 quod
1068 951 1267 1026 usurpantes
1288 970 1319 1011 ea

145 1058 267 1122 laniunt
302 1081 355 1123 eos
390 1060 445 1142 qui
480 1081 543 1123 non
578 1062 644 1122 tnnr
679 1059 793 1123 imbuti
825 1060 888 1123 sint
911 1059 1027 1123 litteris
1051 1084 1151 1144 quam
1177 1063 1318 1126 madeant

144 1175 317 1240 uernacula
340 1175 509 1258 snpientia,
535 1180 569 1238 ut
593 1174 794 1238 Petroniana.
841 1175 898 1239 illa
928 1181 1035 1239 autem
1059 1178 1239 1259 prouerbia
1260 1182 1316 1242 tam

144 1292 242 1356 dubia
278 1294 405 1374 sumpta
440 1312 508 1355 esse
544 1313 584 1354 ex
612 1291 805 1355 carminibus
829 1295 993 1375 poetarum
1018 1314 1076 1357 nec
1102 1315 1227 1378 negare
1250 1294 1318 1358 licet

144 1429 203 1470 nec
220 1408 442 1485 demonstrari,
466 1407 581 1470 desunt
597 1407 682 1471 eninr
698 1408 816 1471 indicia
833 1411 921 1471 certa
936 1430 1038 1490 paene
1055 1410 1175 1473 onmia.
1212 1432 1318 1494 qnam·

144 1525 255 1588 obrem
292 1525 330 1587 de
366 1545 404 1587 ea
435 1545 469 1586 re
494 1524 526 1586 in
551 1523 737 1586 alterutram
762 1526 888 1606 partam
913 1524 1075 1606 disputare
1101 1528 1151 1589 est
1175 1527 1317 1591 umbram

142 1641 316 1723 captantis.
364 1641 429 1713 sed,
462 1644 498 1702 ut
523 1639 617 1722 plane
642 1640 746 1703 dicam
770 1640 846 1722 quid
870 1640 1005 1703 sentiam
1029 1663 1092 1703 non
1116 1645 1186 1705 tam
1211 1643 1250 1706 de
1274 1641 1317 1706 his

142 1778 224 1839 <quae
260 1757 404 1839 proxime
440 1756 507 1818 dixi
534 1756 712 1838 prouerbiis
736 1778 832 1839 quam
857 1757 895 1819 de
919 1779 954 1820 re
978 1757 1138 1835 uniuersa,
1165 1758 1318 1822 rationem

142 1871 379 1954 probabilitatis
414 1872 577 1955 reputanti
611 1870 690 1934 mihi
725 1872 757 1935 id
792 1872 920 1935 uidetur
944 1894 1012 1936 esse
1036 1872 1224 1937 credibilius
1249 1897 1318 1958 pro·

145 1988 258 2052 uerbia
294 2009 353 2050 usn
387 1986 496 2070 populi
531 1988 608 2050 trita
643 1990 675 2050 et
710 1987 787 2050 talia
822 1988 930 2070 qualia
965 1987 1021 2051 illa
1056 1989 1169 2053 Fdrtes
1190 1990 1320 2072 fortuna

142 2104 286 2184 (1111111111,
333 2103 381 2166 Di
423 2103 574 2184 facientes
612 2104 769 2166 (1111111111
807 2125 871 2167 111
911 2125 950 2167 ex
993 2104 1174 2168 litterarum
1216 2107 1314 2190 copiis

143 2219 241 2301 uulgo
276 2219 404 2282 indocto
438 2219 507 2282 fere
543 2219 714 2282 reconditis
750 2223 804 2282 aut
840 2241 879 2282 ex
904 2220 1101 2284 eruditorum
1124 2222 1317 2287 umbraculis

142 2335 245 2416 petita
280 2357 359 2411 esse,
394 2334 450 2399 sed
480 2336 514 2398 in
538 2335 735 2399 sermonibus
759 2357 880 2418 usuque
905 2336 991 2399 uitae
1016 2337 1178 2400 communi
1202 2339 1317 2403 abore

141 2450 307 2514 homiuum
342 2451 547 2533 prudentium
572 2451 726 2533 prolecta.
773 2474 838 2514 non
862 2451 932 2515 dico
955 2451 1015 2516 hoc
1040 2452 1109 2516 loco
1133 2453 1224 2517 dieta
1249 2455 1316 2518 doc·

142 2570 246 2630 torum
281 2567 381 2630 doctis
417 2567 546 2652 cognita
578 2572 633 2630 aut
655 2567 740 2630 locos
766 2571 930 2649 poetarum
956 2568 1011 2651 qui
1037 2569 1240 2633 eruditorum
1263 2569 1316 2633 ho·

142 2683 262 2746 minum
287 2683 485 2747 sermonibus
508 2685 712 2765 usurpantur,
738 2682 809 2746 dico
833 2684 1003 2766 prouerbia
1026 2707 1085 2747 usu
1102 2685 1216 2769 populi
1233 2686 1314 2751 trita.

141 2820 252 2862 eornm
275 2799 309 2861 in
332 2798 392 2861 hoc
416 2799 485 2881 ipso
510 2821 627 2883 genere
652 2799 823 2862 multorum
847 2800 937 2884 origo
957 2801 1107 2877 obscura3
1133 2803 1201 2878 sed,
1219 2825 1315 2886 quan·

139 2918 210 2976 tum
245 2915 283 2977 de
319 2914 449 2978 incertis
485 2914 698 2978 coniecturam
735 2915 840 2978 facere
876 2915 961 2991 licet,
987 2916 1117 2998 propius
1143 2919 1184 2980 ad
1208 2940 1313 2982 uerum

142 3030 273 3093 accedet
296 3031 323 3092 is
347 3031 402 3113 qui
427 3031 578 3113 pleraque
610 3053 719 3094 eorum
743 3027 968 3115 ἀποφθέγματα
991 3031 1156 3095 homiuum
1180 3035 1312 3116 pruden-

140 3146 221 3208 tium
256 3146 331 3209 uiua
366 3168 443 3209 uoce
477 3147 596 3209 tradita
632 3146 829 3210 existimabit
863 3169 959 3229 quam
995 3146 1049 3229 qui
1077 3150 1185 3211 ortum
1210 3171 1311 3213 eorum

140 3261 208 3323 fere
233 3261 327 3324 ducet
350 3285 368 3324 1
391 3261 526 3326 lectione
551 3263 706 3326 librorum
730 3267 785 3324 aut
809 3285 827 3324 a
850 3262 968 3326 fabulis
988 3263 1022 3324 in
1037 3261 1175 3326 theatris
1191 3264 1309 3328 auditis.

139 3399 181 3440 an
217 3377 369 3441 credibile
404 3380 453 3440 est
483 3377 642 3441 Romanos
667 3379 824 3460 antiquos
848 3378 1038 3460 praesertim
1061 3400 1197 3461 quorum
1221 3378 1310 3463 pleri·

140 3514 201 3575 qne
227 3498 332 3556 essent
355 3493 477 3571 rustici,
502 3494 594 3576 plura
618 3494 789 3575 prouerbia
812 3494 845 3556 in
868 3493 1004 3556 theatris
1029 3493 1178 3558 didicisse
1204 3496 1246 3559 ab
1268 3494 1309 3556 hi·

139 3608 313 3672 strionibus
337 3631 432 3692 quam
456 3609 573 3692 uulgus
596 3608 654 3671 has
679 3630 737 3691 per
760 3609 907 3672 ciuitates
932 3613 1037 3672 aetate
1061 3613 1194 3675 nostra?
1231 3608 1310 3694 atqui

137 3724 296 3806 quantilla
326 3747 400 3807 pars
433 3725 673 3806 prouerbiorum
698 3725 912 3787 communium
937 3747 1017 3808 quae
1042 3725 1136 3788 hodie
1160 3747 1309 3810 usurpan-

139 3843 192 3902 tur
216 3863 234 3902 a
258 3861 374 3903 scaena
405 3844 532 3923 sumpta
556 3843 619 3904 est!
656 3839 750 3903 hodie
774 3844 882 3903 tamen
906 3840 1034 3903 theatra
1057 3840 1164 3906 hieme
1189 3843 1310 3927 quidem

138 3956 268 4019 cottidie
293 3956 437 4039 patentia
461 3956 602 4019 omnium
626 3956 771 4019 ordinum
795 3956 978 4038 frequentia
1002 3956 1129 4039 saepius
1151 3957 1310 4049 celebran-

139 4075 206 4148 tur;
242 4070 394 4136 Romanis
430 4071 569 4154 antiquis
604 4072 706 4136 libera
741 4071 906 4155 republica
936 4095 999 4136 non
1022 4073 1094 4154 plus
1118 4073 1312 4158 duodequin-

139 4187 295 4272 quagiens
330 4188 397 4251 fere
434 4188 466 4250 in
503 4210 585 4251 anno
613 4187 704 4270 eopia
728 4191 796 4251 erat
820 4188 945 4252 fabulas
969 4189 1146 4272 spectandi.
1171 4211 1230 4254 nec
1253 4195 1314 4254 tam
