2910 4778
211 308 256 354 Lx
692 304 859 352 Excussae
877 304 898 350 1.

213 477 305 542 Pauli
323 480 357 555 ¹).
402 501 478 542 nam
503 478 541 541 de
565 477 679 541 Pfauio
703 475 797 540 silere
820 476 934 541 melius
957 479 1052 558 put03
1077 478 1110 538 et
1126 475 1261 540 Corssen
1278 475 1389 540 Buch-

211 592 361 678 holtzque
384 595 468 678 quod
492 593 602 657 dicunt
626 614 693 656 esse
717 591 880 656 Saturnios
904 592 972 655 sine
997 592 1142 655 anacrusi
1166 591 1248 655 nihil
1271 592 1390 656 attinet

213 711 253 774 ad
280 710 312 773 id
336 710 418 792 quod
442 709 635 793 quaerimus,
660 709 778 791 quippe
802 729 875 771 cum
898 707 1025 770 diuersa
1048 710 1179 770 utantur
1203 707 1327 772 ratione
1352 711 1388 772 et

164 842 166 846 ·
213 848 250 888 ea
285 846 446 908 peruersa.
493 823 688 887 Ritschelius
722 845 799 886 uero
835 844 907 886 cum
930 823 1066 906 primam
1090 823 1256 887 statuisset
1279 823 1386 908 legem

212 940 346 1003 saturnii
383 960 492 1003 uersus
527 960 568 1002 ne
604 939 692 1022 prius
727 937 963 1001 hemistichium
987 960 1136 1021 umquam
1162 943 1288 1003 careret
1310 962 1389 1004 ana·

213 1055 307 1133 crusi,
342 1058 450 1118 tamen
486 1054 594 1138 paullo
617 1058 690 1136 post
713 1053 805 1137 quasi
827 1054 910 1138 legis
934 1054 1076 1118 seuerius
1099 1056 1290 1136 constitutae
1315 1078 1389 1120 eum

212 1170 405 1254 poeniteret,
443 1192 512 1233 eam
543 1172 589 1232 ita
613 1170 801 1233 retractauit
824 1172 859 1232 ut
882 1168 980 1232 luisse
1005 1170 1089 1252 apud
1114 1169 1242 1233 Liuium
1265 1168 1392 1236 Naeui-

212 1308 328 1369 umque
354 1284 518 1349 Saturnios
542 1285 609 1348 sine
634 1285 780 1348 anacrusi
804 1306 863 1347 nee
888 1284 1060 1348 affirmaret
1083 1307 1141 1348 nee
1165 1289 1301 1370 negaret
1319 1287 1357 1368 ²).

319 1401 477 1483 Discipuli
512 1405 618 1464 autem
653 1400 824 1464 Ritschelii
859 1400 976 1483 aliique
1013 1401 1053 1464 ab
1089 1401 1156 1464 eius
1185 1396 1326 1465 inuentis
1351 1425 1388 1466 ac

213 1516 384 1599 disciplina
406 1516 552 1599 profecti,
577 1538 648 1579 curn
673 1516 787 1578 ceteris
811 1516 879 1579 eius
903 1517 941 1579 de
966 1516 1108 1579 saturnio
1131 1516 1221 1600 leges
1238 1518 1390 1601 antiqua·

212 1635 293 1712 rent,
329 1655 422 1695 unam
457 1654 580 1695 summa
615 1632 770 1715 religione
805 1636 973 1695 seruaruut
1007 1654 1047 1694 ne
1072 1633 1234 1695 anacrusis
1259 1635 1387 1698 omitte·

212 1753 309 1811 retur.
357 1748 434 1810 satis
470 1748 531 1810 erit
566 1769 602 1809 ex
638 1769 674 1810 eo
708 1769 839 1810 numero
874 1748 1037 1810 nominare
1061 1747 1117 1811 hos
1142 1749 1226 1811 uiros
1251 1771 1389 1834 magnae

215 1863 414 1928 auctoritatis
450 1866 482 1926 ct
517 1864 554 1927 de
589 1863 705 1926 litteris
737 1864 845 1927 latinis
869 1863 987 1946 optime
1011 1865 1157 1927 meritos:
1182 1863 1388 1929 Franciscum

320 2052 342 2127 ¹)
367 2055 399 2114 O.
434 2056 522 2114 Pauli
556 2051 740 2113 ultitulisclze
774 2051 904 2114 Studien
939 2056 982 2113 IV
1020 2056 1158 2115 75—86.
1213 2058 1243 2114 id
1279 2059 1386 2119 Paullo

210 2147 297 2222 plane
334 2145 484 2204 adsentior
519 2145 599 2220 quod
630 2165 786 2203 numerum
812 2145 985 2203 Saturnium
1009 2146 1050 2203 sic
1073 2146 1206 2203 breuiter
1230 2147 1389 2206 describit:

213 2234 307 2291 '’Vier
343 2234 509 2310 Hebungen
544 2233 608 2292 sind
644 2235 695 2292 das
729 2235 916 2292 wesentliche
951 2235 1096 2304 Element,
1133 2255 1187 2293 vor
1215 2236 1267 2292 der
1291 2242 1390 2295 ersten

213 2323 343 2398 Hebung
381 2324 497 2392 kann,
529 2323 720 2382 musikalisch
744 2324 953 2398 ausgedrt'rckt,
979 2324 1026 2380 ein
1049 2324 1179 2381 Austakt
1202 2327 1390 2401 vorgeschla·

212 2433 269 2488 gen
305 2413 434 2481 werden,
470 2431 529 2470 von
553 2413 608 2469 den
633 2411 810 2488 Senkungen
835 2413 951 2471 konnen
977 2413 1040 2470 eine
1064 2414 1134 2471 oder
1158 2414 1238 2482 zuei,
1264 2415 1388 2474 letntere

209 2502 239 2558 in
275 2501 438 2576 beliebiger
472 2501 669 2576 Anordnung,
705 2501 835 2559 fehlen’'.
875 2536 909 2544 -
950 2501 1035 2570 Quod
1059 2502 1094 2559 de
1118 2502 1230 2560 omissis
1255 2505 1390 2563 thesibus

208 2590 363 2665 praecipit,
400 2590 430 2647 id
466 2609 584 2665 quoque
620 2590 646 2647 ei
678 2590 836 2649 adsentior.
884 2611 951 2648 nam
987 2592 1067 2666 quod
1102 2591 1172 2648 dicit
1194 2592 1266 2649 bina
1289 2594 1388 2652 omitti

208 2698 303 2755 posse,
328 2679 357 2736 id
382 2678 453 2737 dicit
476 2679 511 2736 de
536 2680 600 2737 colo
624 2679 750 2737 dimetro
773 2680 899 2738 iambico
923 2681 1095 2738 acatalecto.
1143 2681 1287 2754 sequitur,
1307 2684 1387 2757 quod

210 2787 265 2843 ego
293 2768 465 2844 praecipiO„
491 2768 520 2825 in
545 2768 717 2826 catalectico
740 2769 873 2827 membro
897 2789 956 2827 nou
979 2770 1046 2844 plus
1070 2776 1160 2843 quam
1183 2789 1278 2826 unum
1301 2791 1391 2846 posse

209 2857 363 2932 supprimi.
411 2857 520 2915 nollem
544 2857 649 2931 igitur
675 2857 737 2932 ipse
762 2858 902 2940 continuo
926 2857 1101 2915 sententiam
1125 2862 1279 2927 mutasset,
1306 2861 1387 2935 quod

209 2946 292 3004 addit
326 2965 356 3004 se
391 2946 536 3021 suspicari
567 2964 666 3003 omnes
690 2965 774 3020 posse
798 2947 953 3021 supprimi,
977 2947 1150 3021 praesertim
1177 2967 1244 3005 eum
1268 2950 1387 3007 nullum

210 3037 306 3092 exstet
342 3036 508 3110 exemplum
545 3054 580 3091 ne
604 3035 743 3092 binarum
767 3035 886 3109 quidem
910 3035 937 3092 in
964 3037 1028 3094 colo
1052 3037 1225 3094 catalectico
1249 3055 1389 3112 suppres-

208 3142 309 3181 sarum
344 3128 462 3198 praeter
498 3125 653 3182 catalexin.
700 3125 774 3182 illud
810 3142 928 3199 quoque
963 3144 1069 3182 uerum
1094 3125 1176 3182 addit
1200 3126 1390 3202 dignumque

208 3213 288 3286 quod
323 3213 596 3270 animaduertatur:
623 3213 718 3271 ”Dass
743 3213 798 3271 auf
818 3215 901 3271 einen
925 3215 1043 3272 solchen
1067 3214 1152 3283 Vers,
1178 3216 1275 3272 numal
1298 3235 1387 3274 wenn

209 3320 241 3357 er
264 3320 417 3376 gesungen
440 3302 552 3369 wurde,
578 3302 629 3360 dus
655 3303 701 3359 ’ad
725 3302 899 3376 rhythmum
923 3303 1017 3361 solum
1043 3303 1232 3377 compositus’
1251 3303 1302 3361 des
1320 3303 1387 3362 Ser-

208 3391 276 3447 uius
312 3383 363 3460 (ad
386 3390 477 3466 Verg.
503 3389 612 3466 Georg.
636 3390 667 3447 Π
691 3387 769 3466 385)
793 3391 973 3450 vortrefflieh
996 3395 1088 3467 passt,
1114 3391 1188 3467 wird
1208 3392 1387 3467 jedermann

207 3478 349 3554 nugeben,
384 3479 445 3536 und
481 3497 510 3537 es
545 3479 584 3537 ist
619 3480 766 3538 durehaus
802 3480 883 3538 nicht
916 3482 1009 3556 notig,
1047 3481 1145 3538 diesen
1168 3479 1329 3540 Ausdruclr
1352 3503 1387 3542 so

207 3567 404 3636 aul'zufassen‚
428 3567 483 3624 wie
507 3586 537 3626 es
560 3569 738 3645 neuerdings
762 3568 834 3627 Otto
857 3569 958 3627 Keller
980 3570 1125 3646 gethan’'.

317 3650 341 3726 2)
365 3655 444 3713 Nam
467 3657 644 3716 Ritsehelius
668 3658 698 3714 in
722 3658 969 3716 commentatione
993 3660 1028 3716 de
1052 3658 1179 3716 miliario
1203 3659 1390 3734 Popilliano,·

208 3764 297 3819 quam
334 3745 621 3816 commentationem,
653 3749 812 3821 postquam
841 3748 919 3822 leges
943 3749 978 3805 de
1002 3747 1136 3806 saturnio
1159 3766 1228 3805 suas
1253 3751 1387 3823 promul·

164 3884 165 3888 ,
206 3837 342 3910 gauerat,
367 3834 468 3891 eadem
493 3837 605 3893 aestate
629 3855 656 3892 a.
683 3835 767 3894 1852
792 3835 893 3906 edidit,
918 3837 996 3895 hune
1019 3855 1137 3895 uersum
1163 3835 1325 3896 Liuianum
1348 3839 1390 3898 de

207 3921 331 3997 Odyssia
355 3924 433 3987 uult,
459 3921 512 3999 Op.
538 3924 581 3982 IV
608 3923 680 3991 135,
705 3925 746 3983 sic
769 3925 885 3982 scandi:

365 4011 478 4069 Milia
502 4013 579 4070 alia
602 4013 639 4070 in
662 4013 780 4072 isdem
808 4047 842 4055 —-
870 4015 1228 4084 interserinrintur,

206 4104 241 4157 ut
274 4100 358 4176 prius
392 4101 558 4159 membrum
587 4105 686 4160 careat
716 4102 906 4161 '’anacrusi'’.
952 4103 1095 4172 similiter,
1121 4105 1172 4162 sed
1196 4104 1389 4166 dubitantius

206 4187 287 4246 Idem
320 4188 376 4265 Op.
399 4189 443 4248 IV
468 4191 530 4248 203
556 4191 591 4248 de
616 4191 799 4250 dedicatione
823 4192 857 4250 T.
883 4191 1006 4262 Quintii.
1053 4192 1211 4252 titulorum
1236 4193 1314 4252 enim
1338 4213 1387 4254 sa-

205 4278 320 4336 turnios
344 4278 480 4338 anaerusi
505 4299 605 4338 carere
628 4279 685 4339 sibi
707 4286 906 4357 persuaserat.
955 4301 1031 4357 quae
1056 4301 1123 4339 eum
1147 4281 1253 4340 fefellit
1269 4283 1386 4358 opinio.
