2910 4778
586 111 655 158 CAP.
675 110 723 160 111.
1155 114 1239 165 xm

171 279 280 344 Etiam
313 280 345 344 in
380 281 486 346 media
521 303 596 346 uoce
628 282 826 367 polysyllabae
848 305 887 349 ea
910 287 960 348 est
982 283 1108 352 solutio.
1153 285 1235 352 Ded.

59 397 93 459 4.
126 395 148 460 6
171 395 413 478 gonda'odrant
434 396 606 480 saipisume
633 394 655 483 l3
680 396 774 482 Elog.
799 401 831 465 3.
855 399 875 463 5
901 396 905 485 Ι
930 398 1132 484 Aleriaque
1157 403 1236 469 urbe

60 511 179 588 armis3
204 511 257 577 18.
283 512 318 590 1;
344 510 470 596 (lompr.
487 514 518 578 9.
535 516 572 590 3;
590 512 671 579 Ded.
690 515 726 593 1;
744 513 825 580 Ded.
842 515 873 580 4.
891 517 928 593 23
944 513 1038 600 Elog.
1058 516 1109 580 16.
1126 518 1164 593 2;
1182 518 1235 583 32.

58 622 324 706 11.3;Liu.3;
350 630 408 706 123
433 626 559 712 (lompr.
584 631 615 694 5.
638 630 676 705 4;
700 629 897 715 9.4;Elog.
915 630 945 693 6.
963 629 1156 697 2.-6666.
1174 632 1237 710 67;

58 740 157 826 Elog.
189 743 220 807 4.
245 744 283 820 33
306 744 338 810 6.
362 745 399 821 5;
425 743 456 808 7.
481 744 517 822 13
541 743 612 808 Liu.
639 745 691 820 113
718 745 776 823 163
800 742 904 810 Naeu.
930 745 981 810 18.
1009 747 1043 823 13
1067 744 1155 811 Sent.
1180 748 1235 813 26.

170 863 216 922 Gt.
251 863 371 926 Terent.
406 864 479 924 Heo.
510 860 570 924 731
595 860 802 943 Adgrediar.
848 866 973 925 Bacchis
995 867 1089 926 salue.
1134 867 1238 928 Plaut.

58 952 152 1012 Truo.
187 951 212 1011 1.
250 953 279 1011 2.
317 952 334 1011 i
367 951 510 1013 Consulto
533 957 604 1013 sunt
626 949 787 1026 oonsili0;
813 956 875 1013 453
900 956 995 1014 Malae
1019 975 1110 1032 quam
1133 975 1237 1016 sumus

56 1035 223 1117 ingbni03
247 1041 329 1101 Trin.
355 1043 417 1101 236
443 1041 697 1120 Quemadmodum
720 1062 751 1102 se
774 1044 959 1120 expediant.

170 1149 240 1226 Qua
273 1152 307 1215 in
341 1152 446 1237 primo
469 1152 551 1236 pede
574 1152 771 1217 senariorum
794 1152 924 1217 licentia
947 1154 1065 1218 scenici
1089 1155 1138 1219 usi
1161 1159 1239 1220 sunt

56 1271 96 1332 ut
131 1267 232 1331 ictum
255 1266 447 1332 collocarem
469 1268 503 1331 in
525 1268 723 1351 paenultima
747 1272 778 1332 et
801 1267 914 1332 ultima
937 1269 1023 1333 uocis
1047 1269 1235 1354 dactylioae,

56 1383 172 1447 endem
207 1381 339 1447 Plautus
373 1383 508 1448 fortasse
543 1383 641 1448 etiam
674 1384 707 1447 in
731 1385 936 1467 quaternario
960 1384 1035 1449 Aul.
1062 1386 1124 1451 139
1148 1384 1235 1450 Nam

56 1500 212 1583 optuma
246 1498 334 1563 nulla
367 1503 470 1583 potest
494 1498 581 1585 eligi.
629 1500 783 1565 eiusmodi
805 1499 911 1564 nullus
937 1503 1041 1564 exstat
1065 1522 1175 1565 uersus
1199 1501 1234 1564 in

55 1614 204 1698 reliquiis
227 1615 331 1698 poesis
355 1615 557 1679 domesticae.

167 1729 235 1806 Quo
268 1731 371 1816 magis
405 1729 649 1814 improbandum
685 1735 733 1794 est
767 1731 851 1816 quod
888 1731 986 1816 uulgo
1008 1732 1053 1796 sio
1077 1733 1238 1797 scandunt

55 1846 196 1910 editores
231 1845 315 1930 Scip.
351 1846 433 1931 eleg.
469 1849 499 1912 3.
535 1849 554 1911 5
590 1851 645 1922 (τ-
670 1847 753 1932 elog.
789 1848 820 1911 4.
845 1848 865 1910 5
889 1847 1231 1924 huiused.)''faotle

54 1961 174 2027 facteis
205 1983 370 2046 superases
396 1958 423 2047 Γ
448 1985 501 2038 -;
520 1963 544 2044 1)
559 1984 618 2026 neo
633 1963 726 2027 modo
742 1962 865 2027 ratione
880 1963 1116 2046 probabilitatis
1133 1965 1236 2030 addu-

56 2078 163 2142 cimur
195 2078 372 2142 sedetiam
394 2077 583 2142 necessitate
607 2078 746 2161 quadam
770 2077 991 2162 compellimur
1014 2084 1050 2143 ut
1072 2080 1117 2145 sic
1141 2102 1236 2146 soan-

57 2193 188 2259 damus:
225 2193 336 2258 facul
369 2193 483 2257 lacteis
514 2215 556 2272 s.;
580 2216 611 2256 u.
637 2194 709 2259 adn.
733 2193 774 2257 ad
797 2193 879 2278 elog,
903 2196 935 2259 4.
958 2197 988 2259 5.
1036 2196 1127 2259 nullo
1147 2197 1232 2260 enim

58 2308 207 2392 exemplo
229 2308 306 2373 licet
328 2309 556 2393 paenultimam
581 2331 714 2395 grauem
738 2309 825 2373 uocis
847 2310 945 2374 trium
961 2311 1106 2375 breuium
1124 2311 1235 2378 ferire.

57 2447 164 2508 neque
187 2426 342 2508 estquod
365 2425 398 2489 in
422 2425 653 2511 epigrammate
677 2423 845 2490 Naeuiano
861 2427 906 2490 sio
923 2426 1128 2492 scandamus:
1145 2427 1230 2491 tta·

57 2562 135 2625 que
158 2542 356 2624 postquamst
379 2539 464 2604 Orci.
511 2563 585 2604 nam
606 2542 689 2625 quod
704 2563 767 2606 uon
782 2542 875 2606 modo
891 2545 1045 2625 itaque,
1061 2542 1117 2606 sed
1134 2542 1232 2606 etiam

58 2656 205 2740 itaque
229 2655 393 2721 dicebatur
417 2660 510 2721 acuta
533 2657 731 2741 paenultima
754 2657 927 2722 seeundum
949 2679 1148 2721 communem
1164 2681 1234 2722 mo·
1328 2687 1333 2700 ·

61 2793 133 2856 rem
167 2772 200 2835 in
236 2771 345 2836 enolisi
380 2773 512 2856 copulae
548 2774 722 2853 accinendi,
757 2774 795 2837 de
830 2795 893 2857 quo
926 2771 1055 2837 Seruius
1085 2774 1125 2837 ad
1149 2775 1233 2839 Aen.

56 2885 100 2951 X.
124 2887 199 2966 668,
224 2909 261 2951 ea
283 2887 423 2952 uarietas
446 2910 509 2953 non
533 2895 602 2953 erat
623 2889 657 2953 in
680 2911 739 2954 usu
763 2889 950 2972 promiscuo,
975 2889 1030 2953 sed
1046 2889 1235 2972 pertinebat

171 3092 195 3169 ¹)
218 3097 376 3173 Nusquam
400 3099 430 3157 in
453 3100 562 3159 fabulis
585 3119 639 3158 nec
662 3100 794 3158 Terentii
817 3119 870 3158 nec
893 3100 993 3159 Plauti
1016 3100 1148 3159 iambum
1165 3120 1234 3161 con-

55 3191 139 3248 stare
161 3186 310 3246 uocabulo
333 3188 427 3246 trium
449 3189 587 3247 bronium
611 3207 697 3248 nemo
718 3192 787 3265 post
810 3189 1004 3248 Ritsohelinm
1027 3189 1156 3266 ignorat.
1196 3210 1232 3249 ac

55 3296 95 3335 ne
130 3276 160 3334 in
195 3275 298 3335 ceteris
333 3277 452 3353 quidem
486 3277 591 3336 iambis
626 3277 791 3353 priscorum
819 3278 981 3352 quidquam
1004 3279 1092 3337 huius
1115 3280 1231 3355 generis

16 3358 19 3367 ’
54 3364 201 3425 inuenies.
248 3385 317 3423 nam
352 3385 426 3442 quos
443 3367 535 3425 duos
565 3384 669 3426 nersus
691 3367 807 3443 profert
829 3366 949 3426 Saohsse
973 3368 1009 3426 de
1031 3367 1156 3444 pedibus
1179 3369 1232 3426 tri·

54 3453 180 3531 syllabis
214 3475 244 3530 p.
279 3454 329 3525 12,
364 3455 386 3512 ii
420 3455 506 3513 aliter
535 3455 662 3532 legendi.
708 3453 852 3514 Caecilius
875 3476 923 3532 ap.
947 3455 1007 3515 Gio.
1031 3475 1074 3515 or.
1100 3454 1233 3515 Caelian.

58 3545 76 3615 ἓ
113 3542 153 3602 37
189 3537 407 3602 Frouoloeuius
440 3545 469 3602 et
500 3537 598 3604 OFG.
622 3538 794 3603 Muellerus
816 3544 920 3622 Egon
943 3546 1015 3620 quid
1039 3545 1135 3604 dicam
1158 3545 1230 3620 quid

54 3633 169 3693 velim?
204 3652 281 3708 quae
316 3637 352 3691 tu
375 3633 489 3692 omnia:
514 3651 633 3709 egone
649 3628 732 3692 lteri.
767 3634 804 3692 of.
821 3633 921 3692 Plaut.
938 3633 1026 3693 Curc.
1046 3634 1107 3693 119
1125 3628 1228 3692 Gootz.

54 3722 165 3781 Accius
198 3721 348 3796 Eurysace
383 3742 431 3798 ap.
466 3721 545 3781 Non.
581 3723 656 3781 495.
693 3723 733 3781 26
757 3717 836 3781 Luc.
860 3716 1035 3781 Muellerus
1060 3723 1234 3800 ’parumper

55 3810 184 3887 reprime
219 3805 284 3885 (uel
313 3810 454 3886 reprimes
478 3809 650 3888 parumper)
673 3816 736 3870 uim
760 3812 884 3870 citatum
907 3811 1161 3887 quadrupedum’:
1186 3832 1232 3870 re·

56 3900 153 3976 prime
176 3918 337 3975 parumper
361 3893 443 3959 libri.
489 3903 585 3960 restat
606 3901 701 3978 igitur
723 3901 771 3959 hic
793 3919 871 3958 unus
886 3919 991 3958 uersus
1008 3898 1134 3959 Senecae
1150 3901 1230 3958 Med.

55 3987 121 4048 447
155 3981 219 4046 Leo
255 3986 449 4064 ’rugimus
485 3989 603 4048 Iason:⁴
624 3990 755 4067 frigimus
793 4023 828 4032 -
866 3990 922 4048 hoc
944 4008 1003 4048 non
1027 3991 1072 4049 e'st
1094 3993 1232 4049 nouum'.

56 4077 110 4154 qui
133 4076 158 4137 si
180 4095 271 4136 uerus
294 4081 349 4149 est,
373 4077 445 4136 nihil
468 4079 599 4154 pertinet
622 4080 660 4137 ad
682 4078 846 4154 priscorum
870 4077 983 4154 poesin.
