2910 4778
232 279 328 327 LXXII
711 283 878 330 Excvnsvs
896 285 926 333 1.,

237 454 353 517 strauit
387 451 502 517 lordan
538 453 645 538 Symb.
684 457 746 520 110
782 478 862 540 sqq.,
899 457 1066 521 dialectica
1089 459 1228 522 uarietas
1255 463 1411 544 estquod

235 568 312 633 dicti
336 574 409 633 sunt
433 570 488 633 alii
512 571 630 648 -arii‚
656 571 711 635 alii
735 573 852 650 -asii,
877 572 955 636 item
978 574 1085 637 -nrii
1109 577 1141 637 et
1164 574 1283 649 -iisii
1310 578 1409 640 -erii

235 688 267 747 et
290 685 403 749 -isii.
428 687 525 749 -rrii
551 691 582 749 et
606 687 718 758 -isiiz
744 688 804 751 etsi
827 688 860 751 in
877 689 1066 770 quibusdam
1082 691 1210 771 quidem
1227 693 1409 756 nominibus

233 801 489 865 terminationem
523 802 612 865 illam
647 804 776 866 -eri0·
811 804 920 867 -urio
944 825 1012 867 esse
1036 805 1248 891 principalem
1273 807 1406 872 fortasse

235 938 309 980 uere
333 921 431 1000 negat
455 916 601 1001 Conway,
626 918 785 983 ’Verner's
809 920 868 982 law
891 921 925 982 in
948 919 1042 1004 ltolp’
1067 943 1098 1003 p.
1124 921 1163 983 61
1189 943 1258 1004 sq.;
1276 945 1407 1006 quorum

235 1052 316 1113 quae
340 1055 386 1094 -s-
414 1035 613 1097 retinuerunt
636 1057 673 1098 ea
696 1038 931 1123 peregrenata
954 1039 1036 1113 sunt,
1061 1058 1142 1118 quae
1167 1059 1181 1098 s
1205 1039 1238 1100 in
1265 1061 1281 1101 r
1306 1043 1406 1103 muta·

241 1151 315 1210 runt
338 1170 479 1212 romania.
526 1151 602 1232 quia
625 1173 896 1233 superuacaneum
921 1154 969 1214 est
992 1152 1128 1235 singula,
1154 1153 1286 1235 quaein
1305 1155 1406 1218 medio

236 1263 309 1342 sint,
345 1267 505 1347 persequi,
541 1266 601 1329 hoc
637 1290 733 1329 unum
758 1289 978 1330 commemora.
1027 1290 1141 1330 nomen
1165 1269 1287 1352 gentile
1315 1271 1405 1334 etiam

236 1375 385 1442 Lucius
402 1383 459 1458 est,
476 1386 511 1444 ut
528 1380 561 1445 C.
579 1381 730 1445 Lucius
748 1380 816 1447 CIL
833 1381 848 1445 Ι
866 1383 968 1459 1187ς
987 1383 1031 1446 Μ.
1050 1383 1166 1446 Lucius
1184 1381 1284 1447 CILI
1306 1385 1404 1462 14073

241 1491 309 1558 Sex.
335 1495 474 1559 Luucius
498 1495 565 1560 ClL
591 1495 606 1560 Ι
633 1499 728 1562 1477.
775 1501 808 1560 at
825 1499 967 1562 diuersae
985 1500 1090 1583 gentis
1106 1521 1223 1562 nomeu
1240 1504 1289 1563 est
1305 1501 1405 1565 Luu·

238 1611 352 1674 ceius
388 1612 421 1676 C.
458 1611 483 1675 Ι.
514 1614 587 1688 568,
612 1615 697 1698 quod
722 1613 928 1678 Ciceroniana
952 1618 1056 1678 aetate
1081 1617 1282 1680 scribebatur
1307 1617 1405 1680 Luc·

238 1727 360 1790 caius.
408 1733 441 1791 et
475 1751 514 1791 ne
550 1752 626 1793 uoce
662 1731 790 1813 quidem
817 1731 975 1794 sublatam
1000 1753 1067 1794 esse
1092 1753 1160 1794 eam
1188 1732 1405 1796 diuersitatem

238 1848 463 1926 argumentum
499 1849 546 1908 est
581 1847 663 1928 quod
699 1846 817 1929 graeci,
854 1868 935 1928 quae
963 1847 1091 1910 nomina
1113 1847 1213 1909 latina
1238 1847 1331 1910 latini
1355 1870 1407 1932 per

238 1960 337 2036 -ios,
374 1961 484 2024 eadem
511 1961 574 2044 ipsi
597 1983 655 2044 per
678 1983 760 2030 -ιος
784 1962 976 2037 scribebant,
1002 1984 1082 2045 quae
1108 1966 1212 2025 autem
1238 1963 1332 2026 latini
1355 1985 1407 2047 per

238 2076 360 2149 -eiOS,
397 2099 434 2140 ea
469 2099 526 2160 per
561 2081 616 2140 aut
650 2073 734 2162 -ήιος
765 2082 819 2140 ant
842 2073 930 2149 -ἒιος,
956 2079 1040 2160 quod
1063 2079 1166 2140 rarius
1190 2079 1237 2156 fit,
1262 2080 1407 2156 reddunt,

238 2194 273 2253 ut
312 2187 476 2265 Acantion
516 2193 598 2275 quod
634 2193 780 2276 exposuit
815 2193 1047 2275 Dittenberger
1082 2192 1221 2257 Hermae
1257 2195 1319 2259 vol.
1355 2193 1407 2257 Vl.

239 2306 302 2370 297
323 2309 356 2384 ¹).
403 2309 515 2391 quodsi
550 2309 633 2391 quod
667 2331 780 2372 nomen
816 2308 908 2371 huius
933 2310 1059 2393 generis
1083 2310 1213 2392 grauius
1238 2311 1409 2394 figuratum

239 2425 322 2507 apud
357 2427 499 2506 posteros
534 2447 595 2488 non
631 2425 695 2487 iam
731 2428 841 2503 exstat,
867 2446 938 2487 cum
963 2425 1137 2507 antiquitus
1162 2426 1318 2489 fueritin
1341 2449 1407 2503 usu,

225 2544 345 2603 tamen
378 2563 416 2603 ex
441 2564 478 2604 eo
502 2563 563 2603 non
588 2541 724 2604 efficitur
747 2541 779 2603 id
803 2563 871 2604 esse
897 2541 1057 2623 antiquius
1081 2541 1136 2604 illo
1160 2542 1244 2623 quod
1268 2543 1304 2604 in
1327 2543 1408 2607 ·ios

238 2657 353 2734 (-ius)
390 2658 465 2720 exit.
514 2661 547 2720 ut
582 2679 644 2719 non
668 2656 760 2719 modo
784 2679 847 2719 non
870 2658 1073 2720 statuendum
1098 2661 1145 2719 est
1169 2655 1303 2721 VETIO
1328 2659 1412 2722 tituli

350 2838 372 2912 ¹)
397 2842 588 2900 Seelmannus
611 2837 670 2898 ’die
687 2837 886 2919 Anssprnelie
901 2837 953 2899 des
969 2835 1093 2898 erloin’
1106 2859 1139 2919 p.
1156 2838 1222 2898 238
1243 2843 1324 2917 quod
1342 2844 1412 2902 dicit

241 2931 351 3000 -EIVS,
377 2931 471 3000 -uVs
497 2930 572 2988 -IVS
595 2931 624 2988 in
649 2950 782 2988 sermone
804 2931 924 3005 uulgari
947 2931 1096 2988 interdum
1120 2932 1268 3005 scriptura
1291 2933 1413 3003 uaria-ri,

238 3030 273 3079 ut
297 3021 394 3078 onmia
418 3040 451 3077 ea
475 3021 641 3096 significent
665 3051 705 3058 -
730 3016 827 3093 dios,
852 3022 976 3078 fortasse
994 3039 1051 3076 non
1067 3021 1176 3077 iniuria
1192 3021 1266 3077 illud
1283 3022 1413 3095 quidem.

239 3111 289 3168 sed
312 3129 418 3167 uereor
441 3129 477 3166 ne
501 3110 583 3167 nullo
607 3110 670 3166 iure
694 3128 872 3184 praenomen
895 3108 1005 3166 LVClI
1030 3109 1065 3165 ab
1091 3110 1210 3167 nomina
1233 3111 1331 3184 gentis
1349 3110 1413 3167 LV·

239 3197 337 3266 CElO,
362 3196 491 3256 LVCEO
509 3217 567 3256 non
584 3199 765 3257 discreuerit.
801 3199 888 3273 plura
904 3198 979 3255 idem
998 3202 1027 3255 et
1043 3199 1160 3255 diuersa
1177 3217 1210 3256 eo
1226 3199 1293 3256 loeo
1311 3200 1412 3257 consu-

240 3288 294 3359 dit,
340 3287 431 3345 rosuit
465 3288 542 3343 enim
566 3289 617 3344 has
642 3291 796 3362 tamquam
818 3287 979 3344 uarietates
1003 3286 1165 3355 IPSEIVS,
1192 3286 1339 3353 iperius,
1366 3289 1416 3346 IP-

242 3376 327 3452 slus
352 3379 382 3433 et
405 3376 571 3446 Annum,
597 3376 773 3446 ANNEAE,
798 3376 939 3433 Annia,
986 3396 1055 3432 nam
1075 3377 1222 3450 ipseius
1240 3379 1268 3432 et
1285 3377 1416 3451 ipsius

238 3465 420 3542 pronominis
454 3466 609 3539 genetinus
644 3467 780 3523 uariatur
814 3465 972 3540 scriptura.
1026 3470 1057 3522 at
1092 3465 1209 3523 nomina
1245 3459 1415 3536 AnniuS,

240 3549 367 3613 Annia
402 3554 613 3630 paenultimam
647 3555 831 3629 corripuisse.
856 3555 881 3611 si
904 3555 941 3610 ad
966 3573 1030 3610 eam
1054 3573 1114 3610 ram
1140 3558 1317 3628 argumento
1341 3573 1416 3630 opus

241 3645 288 3713 sit,
324 3644 451 3701 efficitur
475 3663 509 3700 ex
540 3644 670 3702 Martial.
694 3644 753 3702 VII
777 3643 828 3699 47.
857 3644 873 3698 2]
899 3647 928 3701 el.
952 3643 1063 3701 Auson.
1089 3643 1143 3716 Ep.
1173 3643 1221 3700 16.
1249 3643 1301 3701 32.
1350 3645 1416 3718 quis

239 3733 333 3810 igitur
367 3733 469 3791 credat
504 3724 652 3789 *Annia
687 3733 842 3790 dicendum
878 3751 939 3789 esse
973 3733 1003 3788 in
1031 3732 1075 3789 his
1103 3732 1198 3789 titulis
1222 3732 1417 3806 imperatoria

240 3825 336 3880 aetate
371 3822 466 3887 factis,
500 3821 563 3880 CIL
588 3822 631 3879 VI
657 3821 774 3888 11716,
803 3820 895 3886 1174,
923 3821 1005 3878 1175
1032 3825 1160 3895 atquae
1185 3827 1255 3877 sunt
1279 3820 1343 3878 eius
1369 3841 1416 3897 ge-

239 3911 337 3970 neris?
395 3911 543 3987 scriptura
583 3914 683 3968 autem
721 3910 857 3967 uariante
896 3910 1045 3984 scriptura
1080 3913 1124 3966 est
1159 3910 1314 3966 Annene
1351 3909 1416 3967 CIL

240 4000 283 4057 VI
321 3999 436 4058 11686.
477 4000 570 4058 1189.
618 4000 697 4074 quod
731 4000 755 4057 si
790 3999 871 4056 uocis
907 4003 971 4056 erat
999 3998 1162 4065 discrimen,
1188 3999 1218 4056 id
1241 3999 1271 4055 in
1296 3999 1417 4058 dialecti

239 4089 385 4148 uarietate
417 4090 547 4165 positum
572 4093 644 4145 erat.
693 4089 820 4146 Faliscos
845 4088 963 4162 quidem
988 4107 1074 4162 saepe
1098 4088 1204 4145 dixisse
1228 4087 1271 4143 -do
1295 4107 1351 4162 pro
1378 4087 1417 4143 -lo

240 4179 401 4237 ostendunt
435 4179 526 4237 tituli.
574 4177 692 4236 Iuneo
716 4177 780 4234 Fal.
808 4177 847 4234 20
873 4171 965 4236 Sele-n.
992 4177 1142 4251 Clipeai
1166 4176 1231 4234 Fal.
1258 4177 1297 4243 26
1324 4171 1417 4251 (Oli-

239 4267 320 4343 piai
342 4267 407 4326 Fal.
432 4262 487 4345 25)
512 4267 639 4341 aliaque.
