2910 4778
788 347 860 393 Lll'll

282 554 287 564 .
351 494 473 594 neque
501 505 581 572 tarn
609 500 677 573 sod
705 501 843 573 oblitus
950 502 1032 572 sum
1062 498 1222 574 Laerhie
1253 499 1378 573 noster

262 640 286 690 ὅ.
351 618 533 720 argenteo
563 626 723 719 poldhro
832 624 974 698 aureos]
1002 627 1151 698 ecldhro

271 770 286 815 ’-
350 752 466 845 idque
495 752 587 822 nn'hi
616 751 751 822 nardho
860 740 988 822 omuid
1016 745 1197 823 diserhim

280 927 285 938 ·
350 901 445 969 quae
474 878 565 947 haec
594 876 686 968 daps
715 875 793 946 eall
823 878 886 968 qui
914 874 1030 948 festus
1144 875 1227 967 dies
1260 933 1267 947 .
1300 933 1307 946 .
1337 933 1344 946 .
1375 934 1382 948 .

280 1054 285 1064 .
350 993 512 1072 matrem
533 1004 638 1095 procl
662 993 851 1092 proellum
958 1001 1112 1093 pldrinn'
1142 998 1338 1076 uenerunt

244 1243 334 1318 quid
357 1241 468 1299 uerbi
492 1261 532 1297 ex
555 1245 621 1299 huo
638 1260 701 1299 ore
718 1242 864 1299 audio'’.
889 1276 920 1283 -
942 1241 1084 1299 Prisciani
1101 1244 1317 1302 auctoritatem
1332 1246 1400 1320 sequi

244 1331 337 1389 malui
360 1350 450 1405 quam
474 1328 606 1387 Charisii.
633 1331 712 1404 quod
736 1331 830 1388 etsie
853 1331 1016 1405 elegantiae
1032 1333 1120 1388 metri
1137 1333 1236 1408 magis
1253 1336 1405 1392 consulitur

243 1425 273 1477 el
296 1425 393 1478 cet-cra
418 1438 535 1494 quoque
558 1420 653 1476 uerba
677 1420 763 1476 huius
787 1438 890 1477 uersus
915 1440 963 1494 ap.
987 1420 1173 1478 Priscianunr
1199 1428 1272 1481 sunt
1295 1424 1402 1498 integri-

243 1528 295 1567 ora
330 1529 419 1584 quam
444 1528 490 1583 ap.
516 1507 691 1577 Ohnrisium,
716 1513 746 1565 et
769 1508 849 1583 quod
872 1509 943 1565 haec
967 1510 1140 1584 praesertim
1164 1512 1287 1586 saepius
1309 1512 1429 1583 iterata,

243 1600 335 1656 uerba
369 1602 405 1655 ut
439 1598 476 1654 ah
504 1597 633 1656 Homero
656 1615 760 1672 graece
784 1598 825 1654 ita
850 1597 887 1654 ab
911 1597 998 1655 Liuio
1021 1599 1112 1656 latine
1136 1619 1199 1657 uno
1223 1620 1314 1658 uersu
1337 1621 1402 1660 com«

243 1687 385 1762 prehendi
419 1686 562 1761 oportuit,
598 1687 676 1760 quod
712 1685 775 1743 fieri
798 1705 855 1743 non
872 1691 972 1762 polest
994 1687 1017 1744 si
1041 1688 1082 1745 sic
1105 1688 1189 1762 legas
1215 1692 1400 1765 scandasque:

245 1765 331 1833 ''ruez'i
363 1778 437 1850 puer
461 1775 532 1850 quid
556 1775 640 1832 uerbi
664 1779 699 1832 cx
723 1778 776 1832 tuo
798 1777 848 1832 ore
872 1775 979 1850 adpera
1004 1765 1027 1855 ll
1053 1777 1164 1852 l'ugil'’.
1198 1813 1232 1819 —
1260 1777 1401 1854 supera]

244 1859 476 1921 Fl'eclreiseaaa:
498 1882 587 1938 supra
611 1859 696 1921 codd.
723 1858 824 1920 Prisc.
902 1920 905 1924 .

349 1965 382 2029 4.
428 1970 654 2028 Priscianus
689 1969 703 2027 I
739 1970 799 2027 301
838 1963 877 2027 H
906 1965 957 2044 (de
992 1967 1033 2028 -ie
1067 1987 1117 2048 ap.
1142 1969 1405 2051 oritiqrnssimosh

244 2058 400 2116 ”Liuius
436 2059 679 2117 Andronicus
714 2059 744 2116 in
775 2058 938 2117 Odissia:
968 2079 1087 2136 neque
1117 2064 1194 2118 iam
1219 2057 1253 2136 (r
1279 2058 1401 2120 Fleelai-

242 2164 316 2223 sela,
341 2153 438 2205 tamen
470 2141 650 2204 RB:enirr1
675 2141 924 2221 ADHUGLK)
952 2179 988 2187 —-
1019 2153 1088 2206 —”.
1130 2153 1239 2225 'neque
1264 2149 1400 2209 iam'i.e.

245 2241 349 2312 'neque
383 2241 503 2294 lamen’.
550 2235 720 2308 Laertie]
756 2253 803 2310 ra,
828 2238 947 2294 laertiae
971 2231 1080 2310 ΒΑΗ,
1105 2257 1122 2296 o
1146 2240 1274 2298 laertius
1299 2237 1339 2317 l),
1360 2243 1402 2299 ler-

244 2327 304 2384 ciae
339 2319 363 2382 U
387 2326 471 2383 lertio
496 2319 607 2398 BLK,
632 2320 713 2404 quod
735 2325 860 2400 (Leriie)
884 2321 1072 2383 corrrureadol
1095 2321 1320 2388 Flecleencmis
1341 2347 1401 2388 οκν.

239 2410 320 2492 plui.
358 2411 444 2472 1366
471 2431 505 2492 p.
532 2411 561 2471 8.
586 2414 687 2472 Lartie
712 2409 842 2471 Korsch.
872 2449 905 2458 -
933 2416 1130 2490 nequeenim
1156 2411 1192 2476 Ο.
1219 2413 1307 2478 Sira.
1335 2433 1401 2472 -a

244 2505 284 2561 65
310 2506 372 2566 πῶς
395 2493 431 2559 ἂν
456 2496 547 2558 ἔπειτ’
573 2494 742 2582 Ὀδυσσῆος
766 2495 823 2575 ἐγὼ
847 2491 945 2559 deiero
969 2498 1139 2582 λαθοίμην;

350 2603 383 2668 5.
430 2609 578 2667 Nonius
615 2611 687 2667 544.
716 2610 753 2667 19
780 2610 1002 2685 ”polybrum
1028 2610 1203 2685 (polubrum
1228 2609 1312 2692 ΜΡ),
1336 2614 1399 2691 quod

244 2698 348 2758 Graeci
370 2694 506 2775 χερντβα,
531 2717 583 2757 nos
606 2699 731 2756 trullum
747 2718 897 2757 uocamus.
935 2698 1085 2757 Liuius:
1105 2721 1131 2757 a.
1149 2702 1320 2776 polyhro
1335 2725 1359 2761 a.
1372 2707 1401 2779 el

241 2789 405 2864 glutro’'.
435 2823 468 2830 -
496 2788 639 2845 aureod
669 2786 833 2859 ealutro]
857 2783 978 2866 sorarai,
1003 2807 1093 2847 aureo
1115 2790 1232 2848 eclulro
1251 2786 1398 2850 Baehrer·

240 2874 316 2951 sino,
341 2897 368 2934 a.
392 2877 509 2952 eglulro
535 2870 561 2932 0
583 2869 608 2932 0
631 2869 777 2933 Mueller.
804 2906 842 2914 —-
868 2891 888 2930 α
915 2876 974 2934 136
999 2896 1063 2953 sqq.

348 2978 381 3042 6.
427 2983 574 3041 Nonius
600 2983 673 3042 509.
699 2984 738 3041 28
763 3002 786 3041 s.
810 3003 841 3041 u.
865 2983 1007 3041 diserhim.
1055 2999 1074 3038 α
1101 2984 1162 3042 169
1189 2975 1261 3042 ἀλλ’
1288 2980 1340 3060 ἄγε
1360 3001 1402 3064 μοι

242 3065 310 3126 τάδε
334 3060 400 3126 εἰπὲ
423 3067 476 3126 καὶ
499 3061 650 3147 ἀτρεκέως
672 3065 848 3136 κατάλεξον.
874 3102 914 3111 —-
939 3071 1091 3144 narato]
1116 3070 1233 3152 scripsi
1241 3093 1254 3147 ;
1277 3092 1313 3135 ua
1327 3078 1400 3134 Plau·

242 3165 292 3304 iiis
330 3161 429 3218 Vidul.
464 3161 492 3217 V
530 3161 568 3218 15
604 3156 632 3218 Α
659 3163 686 3218 ei
709 3154 844 3218 Sludem.
871 3153 962 3219 '’mihi
985 3162 1169 3221 narauisti”:
1194 3171 1319 3225 narrato
1341 3160 1403 3222 libri

243 3265 323 3307 roa.
349 3279 389 3288 ν-

349 3350 381 3416 7.
426 3356 654 3415 Priscianus
677 3356 692 3414 Ι
717 3357 790 3415 321.
816 3358 834 3414 6
856 3350 901 3414 Η.
935 3357 990 3414 ’Ἰκ
1008 3360 1091 3433 ’aps'
1108 3377 1203 3417 unum
1222 3361 1400 3420 femininum:

243 3446 324 3502 ’haec
359 3445 450 3519 daps’.
488 3479 517 3486 -
550 3444 686 3504 Liuius
710 3445 954 3504 Andronicus
982 3445 1011 3502 in
1035 3445 1050 3502 Ι
1073 3445 1225 3507 Odissiae:
1252 3469 1345 3526 quaa
1368 3483 1396 3492 ψ

246 3537 316 3590 -.”
356 3566 390 3575 -
430 3549 450 3588 α
485 3535 547 3592 225
584 3531 629 3597 τίς
663 3527 730 3598 δαὶς
765 3530 809 3597 τίς
844 3527 876 3588 δὲ
904 3525 1019 3612 hatho«
1034 3525 1077 3590 ὅδ’
1103 3527 1224 3605 ἔπλετο;
1255 3556 1400 3615 -quae

241 3624 332 3680 haec
367 3623 474 3697 daps3
506 3623 640 3681 similiter
663 3623 788 3682 Plautus
812 3624 919 3682 Bacch.
946 3623 1008 3681 843
1036 3627 1132 3699 ''quaa
1157 3626 1232 3685 haec
1256 3629 1399 3695 factiost”;

988 3707 1049 3737 Α

242 3767 425 3822 quamquam
448 3747 517 3805 licet
539 3748 580 3806 sic
596 3767 715 3823 quoque
730 3749 885 3806 scandere:
903 3768 999 3824 quaa
1015 3750 1107 3808 haee
1136 3750 1233 3826 daps
1264 3757 1321 3811 est
1347 3750 1402 3827 qui

241 3837 369 3895 fe'sius
404 3836 444 3905 d,
468 3840 504 3893 ut
526 3835 652 3895 Plautus
675 3837 756 3895 Pers.
782 3838 822 3894 36
846 3832 877 3894 R
900 3840 997 3912 ”quae
1021 3839 1094 3896 haee
1115 3843 1219 3910 rest”;
1246 3828 1324 3901 Mei.
1348 3839 1399 3898 784

243 3929 340 4000 ”quae
363 3927 435 3983 haec
458 3925 580 3995 malurn,
605 3926 849 4001 impudentiusl'’.

347 4027 380 4092 8.
426 4030 571 4089 Paulus
595 4051 636 4089 ex
659 4032 774 4091 Festo
796 4052 825 4107 p.
853 4033 925 4090 282.
952 4033 970 4089 3
998 4027 1116 4091 Τὴοιιν.
1133 4029 1171 4091 de
1188 4027 1283 4107 Pon„
1300 4057 1330 4113 p.
1346 4036 1400 4093 22⁵

242 4113 291 4176 Μ.
339 4120 558 4178 ”Proelium
582 4139 648 4179 oum
672 4122 767 4196 prima
790 4121 905 4195 syllaba
929 4122 1089 4199 corripitur
1107 4122 1261 4198 significat
1275 4126 1400 4202 petitum.

241 4207 393 4267 Liuius:
430 4208 589 4267 Matrem
626 4240 666 4248 -—
703 4241 743 4250 —
774 4210 987 4282 ”(uenerenlur
1010 4206 1074 4268 cod.
1102 4205 1215 4286 Pria).
1244 4245 1284 4255 -
1301 4205 1401 4294 proci]

242 4293 352 4355 addidi
357 4314 370 4372 ;
403 4298 440 4356 cf.
477 4312 497 4352 α
533 4299 593 4356 245
623 4288 708 4354 ὅσσοι
730 4295 788 4375 γὰρ
813 4296 944 4377 νήσοισιν
967 4290 1196 4375 ἐπικρατέουσιν
1222 4295 1338 4380 ἄριστοι
1357 4291 1403 4380 ἠδ’
