2910 4778
144 311 256 357 CCXXII
534 310 721 359 PRAEFATIO
740 310 919 358 EDITIONIS.

143 485 217 545 sunt
252 506 271 546 a
304 481 364 548 Th.
399 482 541 567 Bergkio
574 481 617 547 H.
650 481 793 548 Usenero
817 480 844 544 O
868 481 988 548 0111111.
1035 484 1093 547 sed
1116 481 1199 547 haec
1220 504 1306 567 snpra

144 599 280 663 tractaui
304 599 493 663 accuratius

249 946 309 1011 Rei
344 948 495 1011 metricae
531 969 626 1010 causa
660 945 745 1011 hunc
780 947 897 1011 librum
927 946 996 1012 edo.
1042 969 1120 1010 nam
1145 946 1304 1031 quodiam

143 1064 197 1127 diu
221 1085 413 1148 cognoscere
437 1063 558 1141 studeo,
582 1085 663 1146 quae
688 1063 807 1127 fuerint
830 1064 863 1127 in
886 1063 1086 1127 modulandis
1110 1063 1218 1128 uerbis
1240 1085 1306 1147 pro-

144 1179 295 1262 prietates
320 1179 470 1262 antiquae
493 1179 580 1243 uocis
603 1179 723 1242 latinae
750 1215 789 1224 -
814 1201 881 1242 rem
906 1178 1129 1242 difficillimam
1156 1216 1194 1224 —
1219 1179 1304 1243 adid

142 1295 245 1359 refero
268 1295 361 1359 huius
384 1295 459 1359 libri
483 1295 664 1359 editionem.
710 1316 788 1378 ergo
811 1295 894 1378 quod
918 1294 977 1358 hac
1001 1317 1042 1395 rex
1060 1295 1213 1379 consequi
1231 1295 1305 1372 uolo,

142 1411 175 1474 id
199 1415 384 1475 consecutus
408 1433 461 1474 ero
484 1411 511 1473 si
535 1416 668 1493 potuero
692 1410 813 1493 aliquid
836 1411 950 1474 afferre
974 1432 1036 1493 quo
1061 1411 1168 1496 magis
1191 1411 1306 1475 eluceat

141 1527 246 1609 patria
280 1530 382 1590 metra
413 1526 626 1590 Romanorum
651 1548 713 1590 non
736 1527 840 1589 minus
863 1526 1096 1609 quantitatibus
1122 1527 1194 1612 regi
1217 1549 1303 1610 quam

141 1644 250 1726 poesin
274 1644 495 1726 graecanicam
518 1641 625 1706 Plauti
649 1642 818 1725 Enniique‚
843 1664 1023 1724 uanumque
1049 1663 1118 1706 esse
1143 1644 1227 1726 qnod
1243 1643 1304 1726 qui·

142 1760 214 1822 dam
234 1759 404 1841 opinantur
420 1759 555 1822 artificio
572 1758 759 1840 disciplinae
776 1758 1015 1840 imitationeque
1032 1756 1229 1823 Graecorum
1244 1758 1302 1822 fac·

141 1881 209 1938 tum
245 1896 312 1937 esse
348 1877 383 1937 ut
405 1877 520 1956 poetae
543 1874 665 1937 romani
690 1874 831 1937 carmina
854 1872 1095 1937 modularentur
1119 1874 1160 1937 ad
1184 1874 1301 1957 quanti·

141 1993 224 2053 tates
259 1989 463 2072 syllabarum.
510 2011 646 2072 namque
683 1992 714 2052 et
748 1990 878 2053 fuerunt
910 1992 944 2051 et
978 1990 1085 2053 nescio
1120 2011 1184 2074 quo
1219 1994 1300 2072 pacto

142 2127 268 2188 semper
292 2105 431 2168 existunt
454 2105 528 2167 noui
552 2105 755 2189 grammatici
778 2105 834 2188 qui
857 2127 895 2168 ea
914 2127 994 2187 quae
1011 2102 1117 2169 Seruii
1133 2103 1300 2190 Sergfian,

141 2220 342 2305 grammatici
376 2220 504 2283 infimae
540 2221 664 2298 1111111,
696 2221 734 2284 de
758 2221 941 2304 accentibus
965 2220 1074 2283 latinis
1097 2221 1301 2305 praecipiunt,

141 2337 180 2400 ad
216 2335 322 2400 Plauti
358 2335 556 2420 Vergiliique
592 2340 712 2400 aetates
747 2336 920 2406 transferre
951 2358 1013 2399 non
1038 2337 1197 2415 dubitent,
1222 2336 1300 2420 quasi

141 2476 217 2516 nero
250 2474 378 2517 necesse
402 2453 444 2515 sit
468 2452 512 2515 sic
536 2456 675 2515 statuere
699 2451 857 2515 Romanos
881 2456 967 2515 sexto
991 2452 1118 2517 saeculo
1141 2453 1228 2518 urbis
1256 2474 1300 2516 ea-

141 2570 211 2632 dem
235 2568 449 2632 modulatione
473 2567 866 2650 syllabarum'iisdemque
891 2567 1074 2632 accentibus
1098 2568 1216 2652 quibus
1238 2572 1301 2652 post

72 2744 74 2749 .
140 2695 304 2749 sexcentos
340 2705 437 2746 annos
473 2683 639 2747 colluuiem
665 2683 754 2746 illam
777 2684 914 2747 omnium
940 2684 1082 2768 gentium
1108 2685 1299 2767 temporibus

140 2800 308 2865 Theodosii
332 2801 430 2864 uerba
446 2799 547 2863 latina
563 2799 801 2883 pronuntiasse!
838 2803 924 2863 certe
940 2800 969 2862 ei
986 2799 1164 2863 sententiae
1182 2802 1302 2865 obstant

140 2918 255 2981 multa:
281 2917 388 2980 obstat
412 2915 545 2979 historia
564 2915 672 2998 populi
689 2915 821 2994 romani,
838 2915 966 3000 linguae
983 2915 1112 2994 latinae,
1129 2916 1301 2980 litterarum

138 3032 322 3109 latinarum,
354 3033 481 3096 obstant
504 3031 639 3114 deniqne
664 3031 845 3094 testimonia
869 3031 1081 3114 antiquorum,
1105 3032 1200 3096 modo
1223 3035 1302 3095 aeta-

139 3149 235 3223 ribus,
261 3151 295 3210 ut
318 3169 376 3231 par
401 3151 457 3225 est,
484 3147 713 3210 discernantur.

246 3262 308 3326 Sed
331 3263 425 3326 redeo
449 3285 484 3326 eo
508 3263 590 3326 unde
616 3263 776 3345 digressus
799 3283 878 3324 sum.
926 3262 1058 3343 proinde
1074 3262 1140 3326 noli
1155 3282 1302 3345 quaerere

139 3381 171 3442 in
206 3379 266 3442 hac
302 3379 438 3442 editione
474 3379 647 3461 quidquam
681 3380 809 3461 praeter
833 3399 870 3440 11
893 3399 974 3460 quae
998 3377 1038 3440 ad
1062 3379 1221 3441 rationem
1243 3399 1302 3441 me-

138 3496 252 3558 tricam
275 3495 412 3557 mraxime
437 3495 628 3576 pertineant.
675 3494 782 3576 itaque
807 3493 914 3575 recepi
937 3493 971 3556 in
993 3491 1079 3555 hunc
1103 3493 1223 3558 librum
1240 3515 1301 3558 car·

138 3611 224 3673 mina
247 3612 349 3673 metro
373 3609 449 3672 satis
473 3610 601 3693 integra
625 3611 680 3671 aut
703 3630 784 3690 quae
810 3609 848 3671 ad
865 3611 999 3670 metrum
1018 3612 1147 3690 possent
1163 3608 1301 3683 restitui;

140 3725 259 3789 exclusi
295 3748 332 3788 ea
366 3746 447 3808 quae
472 3725 575 3810 magis
600 3727 705 3787 essent
728 3727 876 3806 corrupta
899 3746 994 3806 quam
1018 3727 1324 3810 11111111111111111111Ι

138 3842 203 3906 ulla
237 3841 462 3924 probabilitate
493 3843 600 3923 posset
635 3840 793 3904 constitui.
841 3840 1047 3921 quamobrem
1077 3840 1130 3902 uel
1151 3843 1304 3923 temptata

138 3958 190 4021 uel
220 3958 412 4039 intemptata
435 3956 550 4039 reliqui
574 3955 730 4038 quaedam
755 3956 905 4032 carmina,
930 3975 1011 4037 quae
1035 3954 1067 4016 in
1091 3958 1232 4019 metrum
1257 3977 1303 4018 re·

138 4073 291 4137 stituendi
314 4072 456 4159 pericula
479 4072 599 4149 uideas,
624 4071 651 4134 si
674 4071 764 4154 legas
787 4071 886 4134 libros
910 4068 1107 4153 Westphalii
1131 4071 1171 4134 de
1191 4093 1226 4135 re
1241 4092 1304 4134 me·

138 4189 228 4267 trica,
263 4188 392 4253 Rudolfi
422 4186 511 4251 Petri
547 4187 794 4270 disputationem
829 4187 867 4250 de
890 4207 969 4249 rom.
994 4187 1215 4268 precationum
1239 4207 1304 4250 car-

137 4305 288 4384 minibus,
323 4303 512 4368 Baehrensii
547 4302 743 4387 Fragmenta
777 4300 812 4365 P.
838 4301 888 4380 R„
913 4300 1169 4365 Friedersdorffii
1192 4303 1305 4366 librum
