2910 4778
234 317 261 364 11
725 315 770 362 DE
787 315 817 361 V.
837 315 907 361 ΕΔΤ.

239 490 318 552 stica
342 489 491 552 deseruit.
537 488 569 551 in
598 487 749 572 elogiis
772 487 900 570 quidem
924 490 956 550 et
972 487 1206 569 prouerbiis
1223 491 1255 550 et
1271 487 1416 550 canti-

237 605 382 669 onibus
406 625 525 686 genera
549 603 658 666 italica
680 625 744 666 non
767 603 833 666 uim
856 605 998 666 ueterem
1019 602 1109 666 illam
1124 603 1253 686 quidem
1269 625 1411 676 omnem,

236 721 291 783 sed
313 723 437 804 partem
462 720 530 783 eius
554 719 703 802 exiguam
727 715 922 802 aliquamdiu
946 719 1161 796 obtinuerunt,
1186 719 1415 802 fingebantur-

239 856 300 918 que
335 835 494 898 interdum
526 857 545 897 a
568 833 736 917 plebecula
759 833 793 896 in
816 833 929 896 incude
953 838 1061 897 uetere
1085 856 1168 898 noua
1191 838 1224 898 et
1247 835 1356 920 elogia
1381 842 1418 900 et

236 950 407 1032 prouerbio
446 954 478 1011 et
512 949 685 1012 cautiones.
732 969 791 1011 nec
827 951 900 1012 ante
935 952 1073 1012 aetatem
1108 951 1185 1013 satis
1220 955 1414 1033 prouectanr

240 1066 368 1128 omnino
391 1064 500 1128 italica
523 1064 580 1127 illa
603 1065 648 1126 ita
671 1064 866 1128 refrixerunt
881 1067 917 1127 ut
932 1065 1012 1127 nulli
1028 1065 1091 1127 iam
1107 1087 1217 1129 uersus
1234 1066 1274 1128 ad
1291 1066 1417 1130 formas-

239 1184 363 1243 ueteres
387 1184 419 1243 et
443 1180 631 1243 domesticas
655 1179 873 1243 funderentur.

345 1293 407 1359 Sed
441 1287 611 1358 intercedit
637 1295 670 1358 in
695 1295 811 1358 haere
836 1295 1006 1358 discrimen
1029 1295 1173 1378 aliquod:
1199 1297 1293 1361 citius
1317 1299 1413 1363 obso-

242 1410 389 1475 leuerunt
412 1411 556 1487 saturnii,
581 1411 698 1474 diutius
722 1414 905 1474 manserunt
928 1432 1037 1475 uersus
1061 1412 1232 1494 simplices,

348 1624 365 1706 ξ
391 1625 420 1688 2.
467 1622 587 1687 Versus
622 1625 707 1687 enim
741 1623 842 1687 italici
878 1624 1000 1706 antiqui
1023 1629 1097 1687 sunt
1120 1627 1175 1688 aut
1198 1626 1420 1709 simplices

241 1743 295 1803 aut
319 1740 567 1804 bimembres.
1431 1828 1434 1835 1

346 1854 581 1918 Bimembribus
605 1859 637 1918 et
661 1855 701 1919 ab
725 1856 863 1938 antiquis
884 1860 916 1918 et
939 1857 979 1919 ab
995 1858 1176 1920 recentibus
1192 1859 1422 1941 grammaticis

241 1992 404 2034 commune
427 1991 541 2033 nomen
564 1971 672 2034 datum
697 1975 744 2034 est
766 1993 908 2035 uersus
932 1970 1160 2035 Saturnius.

349 2085 402 2150 Ab
425 2085 496 2164 hoc,
520 2088 555 2149 ut
577 2087 681 2171 magis
703 2090 787 2166 noto,
811 2086 981 2150 ordiamur.

347 2200 396 2264 De
419 2201 625 2264 uarietate
648 2202 772 2264 numeri
795 2202 930 2265 saturnii
945 2205 1055 2265 uetera
1072 2207 1198 2266 exstant
1213 2205 1413 2269 testimonia.

245 2316 374 2380 Caesius
409 2315 526 2379 Bassus
560 2339 592 2399 p.
629 2317 648 2379 9
683 2338 729 2399 sq.
766 2317 800 2379 Κ
834 2318 954 2382 ”nostri
989 2323 1096 2381 autem
1119 2319 1253 2401 antiqui,
1277 2324 1314 2383 ut
1338 2343 1414 2385 uere

242 2432 346 2495 dicam
380 2432 463 2514 quod
498 2437 641 2514 apparet,
665 2432 715 2495 usi
748 2436 823 2495 sunt
856 2431 1004 2496 Saturnio
1039 2455 1133 2498 uersu
1156 2456 1218 2497 non
1241 2437 1422 2504 obseruata.

242 2547 315 2631 lege
349 2568 420 2610 neo
457 2568 530 2609 uno
565 2568 716 2631 genere
741 2548 966 2624 custodito,
990 2552 1025 2612 ut
1048 2549 1131 2613 inter
1155 2571 1188 2614 se
1212 2553 1424 2616 consentiant

243 2684 363 2740 uersus,
395 2663 450 2725 sed
473 2665 697 2746 praeterquam
720 2665 802 2746 quod
827 2664 1009 2728 durissimos
1033 2664 1188 2746 fecerunt,
1213 2666 1310 2730 etiem
1335 2668 1424 2732 alios

245 2778 405 2842 breuiores
429 2777 506 2842 alios
529 2778 687 2863 longiores
710 2780 943 2844 inseruerunt'’.

349 2891 558 2958 Terentianus
593 2896 679 2958 2506
710 2917 779 2978 sqq.
815 2918 846 2978 p.
871 2897 935 2960 400
959 2893 997 2959 K
1016 2897 1137 2960 ”nostri
1162 2902 1274 2980 poetae
1299 2901 1415 2965 rudem

246 3030 358 3071 sonum
391 3009 502 3085 secuti,
537 3013 572 3072 ut
607 3031 762 3093 quemque
798 3032 848 3073 res
882 3011 1016 3090 ferebat,
1052 3013 1098 3076 sic
1130 3014 1265 3096 disparis
1289 3014 1417 3098 figurae

245 3145 353 3188 uersus
377 3146 477 3209 uagos
500 3124 681 3189 locabant'’.

351 3238 442 3314 Quod
477 3241 536 3302 etsi
560 3241 598 3304 de
621 3241 745 3305 ratione
769 3242 935 3305 uarietatis
959 3264 1022 3305 non
1044 3247 1130 3306 recte
1154 3244 1279 3322 dicitur,
1304 3249 1418 3313 tamen

246 3353 304 3419 hoc
336 3355 440 3438 ipsum
463 3377 496 3419 re
520 3358 755 3440 comprobatur,
779 3357 875 3421 fuisse
899 3357 1098 3421 uarietatem.
1144 3381 1281 3443 namque
1304 3360 1422 3432 inueni

246 3492 397 3554 genera
419 3475 623 3554 quattuor.

315 3589 344 3651 l.
390 3586 555 3651 Dabunt
577 3589 723 3652 malum
746 3587 909 3652 Metelli
1016 3587 1175 3653 Na‘euio
1198 3595 1344 3674 poetae

314 3704 344 3767 2.
390 3702 666 3768 Dentmali‘rm
689 3704 852 3769 Metelli
959 3702 1117 3769 Naeuio
1139 3712 1284 3789 poetae

314 3821 344 3883 3.
390 3817 553 3884 Metelli
576 3818 734 3884 Naeuio
841 3821 993 3884 dabunt
1016 3821 1160 3885 malum
1184 3827 1329 3905 poetae

314 3936 346 3997 4.
390 3933 511 3999 Multi
534 3934 688 4000 Naeuio
794 3936 949 3999 dabunt
971 3936 1117 4000 malum
1140 3941 1297 4021 poetae.

248 4072 286 4113 ee
308 4049 409 4135 igitur
430 4051 476 4116 sic
499 4051 754 4136 distinguuntur:
781 4052 798 4114 1
824 4055 857 4115 et
880 4052 898 4114 2
916 4051 1073 4115 diaeresin
1088 4052 1209 4118 habeut
1224 4057 1303 4116 κατὰ
1320 4060 1422 4138 τρίτον

249 4173 400 4248 τροχαῖον,
435 4167 455 4230 3
479 4171 513 4231 et
535 4169 555 4230 4
578 4170 652 4250 post
674 4167 802 4231 tertiam
826 4166 927 4245 arsin3
954 4168 971 4230 1
997 4171 1029 4232 et
1052 4171 1072 4233 3
1096 4171 1264 4234 anacrusin
1279 4170 1424 4246 habent2

250 4283 268 4344 2
294 4285 326 4346 et
349 4285 368 4346 4
393 4284 538 4346 enacrusi
562 4285 681 4347 carent.
