2910 4778
584 353 722 401 oorssn.
1183 329 1230 402 95

57 517 108 571 το.
172 510 214 578 at
241 503 342 579 odler
370 507 503 580 nollens
530 507 641 579 hlauta
748 498 906 601 ptctoral
933 508 1146 602 perrumpit
1214 507 1233 549 *

173 629 302 720 [ferro]

55 802 106 856 41.
173 846 853 864 ...........
910 792 1044 880 earnis,

172 914 375 1008 uiriumque
405 914 504 1009 quod
531 916 702 988 libabant
809 917 1031 989 anelabatur
1085 967 1092 984 .
1152 973 1159 988 .

56 1086 107 1139 42.
171 1074 292 1168 deque'
321 1076 493 1147 manibus
522 1077 725 1148 dextralibus
783 1133 1056 1149 .....

57 1374 84 1441 φ
114 1360 178 1419 431
202 1380 246 1435 sq
288 1351 334 1415 ἐπ’
360 1350 465 1439 dpplnn
489 1363 601 1416 νεῦσεν·
649 1352 715 1417 ὅδ’
740 1352 896 1441 ἀμφέθετο
920 1355 1003 1465 ξίφος
1027 1353 1077 1428 ὀξὺ

276 1418 472 1526 Τηλέμαχος,
497 1444 585 1528 φίλος
608 1439 671 1514 ab<
695 1441 865 1530 Ὀδυσσῆος
887 1439 986 1506 beton

275 1527 352 1617 ἀμφὶ
376 1531 409 1593 δὲ
432 1540 524 1615 χεῖρα
547 1533 636 1618 ιοίλνον
662 1532 795 1614 βάλεν”
778 1543 863 1616 εγχεῖ
910 1581 917 1594 .
966 1581 973 1594 .

167 1649 226 1713 40
273 1649 1236 1730 Priscianuslp334.12H’'hioethaeooeler

57 1769 103 1782 »-
141 1773 181 1781 --
216 1763 250 1828 p
281 1739 356 1801 335.
393 1737 475 1800 2H
496 1675 661 1802 Liuiliis
654 1765 684 1801 111
708 1744 871 1819 Odyssia
896 1743 1015 1814 (odissia
1038 1745 1141 1828 odysia
1165 1746 1230 1804 ode·

54 1832 103 1890 sia
148 1832 261 1891 odisses
307 1829 336 1888 al
340 1827 374 1900 l.)
413 1832 462 1890 At
500 1826 671 1908 (RBDch
709 1834 746 1890 ad
784 1826 851 1891 ΚΕ
889 1834 1005 1891 adceler
1043 1828 1135 1892 GV
1139 1829 1235 1900 tw

55 1966 167 2025 celer
200 1967 312 2023 hasta
348 1921 564 2035 (astaRasta
533 1961 725 2024 ΒΗ
679 1971 725 2025 as
727 1987 760 2024 ra
790 1961 831 2042 U)
852 1967 989 2026 uolans
1013 1968 1232 2043 perrumpit

52 2057 221 2131 pectora
245 2054 382 2113 lerro”.
410 2090 444 2098 —
472 2070 494 2132 χ
519 2058 559 2114 92
585 2051 686 2130 βαλὼν
709 2051 863 2134 χαλκήρεϊ
887 2049 971 2131 δουρὶ
1002 2091 1032 2098 -
1065 2091 1099 2098 -
1128 2049 1232 2111 διὰδὲ

52 2138 226 2223 crudentate
262 2135 401 2199 ἔλασσεν.
440 2179 473 2188 —
502 2143 675 2202 Saturnium
700 2164 734 2202 ex
757 2147 927 2204 hexametro
949 2145 1078 2203 restitui.
1107 2180 1140 2188 -
1168 2164 1233 2203 uo-

52 2231 158 2303 lans]
184 2233 306 2290 sustulit
330 2233 384 2290 Th.
409 2233 523 2291 Korsch
548 2235 582 2291 de
606 2233 727 2292 Satura.
751 2255 780 2310 p.
809 2234 881 2293 130.

168 2342 227 2407 41.
275 2349 500 2406 Priscianus
524 2348 539 2406 1
564 2350 636 2407 208.
665 2349 715 2407 18.
740 2343 774 2406 H
799 2349 1014 2408 ”uetustissimi
1030 2353 1127 2406 tamen
1145 2349 1234 2407 etiam

57 2438 276 2498 nominatiuum
304 2439 384 2495 'haee
408 2438 514 2496 earnis’
538 2439 738 2514 proferebant.
785 2438 921 2497 Liuius
946 2438 1046 2508 (libius
1070 2432 1140 2513 all.)
1163 2438 1234 2496 An·

53 2528 243 2586 droniaus
279 2525 393 2596 (Andro
429 2525 496 2557 ****
531 2522 622 2598 nieul,
659 2521 744 2585 nicus
780 2524 813 2584 in
842 2543 960 2585 rasura
993 2522 1032 2601 U)
1056 2527 1085 2584 in
1110 2526 1234 2601 Odyssia

54 2610 184 2690 (odissia
208 2610 296 2689 all.):
320 2616 457 2682 carnis,
483 2616 533 2685 ait,
558 2617 768 2691 uiriumque
792 2617 891 2692 quod
910 2616 1231 2674 libabantancla·

276 2705 310 2749 ba

55 2775 197 2835 batur”
234 2774 351 2845 (libant,
388 2783 440 2832 ant
474 2772 508 2833 ia
543 2792 659 2833 rosana
700 2771 728 2834 U
731 2794 745 2851 ,·
770 2777 966 2834 aanolabatnr
996 2770 1045 2840 U).
1076 2809 1107 2818 —-
1137 2777 1233 2835 Diuisi

52 2867 152 2924 uerba
175 2866 286 2923 tradita
309 2884 361 2939 per
386 2866 512 2923 duorum
535 2885 677 2922 uersuum
700 2867 877 2940 fragmenta,
894 2870 930 2923 ut
946 2865 1072 2923 earnis
1090 2866 1127 2923 ad
1145 2867 1227 2940 prius

57 2957 233 3023 referretur,
258 2973 311 3010 neo
334 2954 364 3010 id
388 2958 483 3012 solum
507 2955 594 3011 metri
617 2956 668 3012 sed
692 2956 781 3012 etiam
797 2955 959 3012 sententiae
977 2974 1075 3023 causa,
1094 2955 1232 3029 quoniam

57 3045 154 3102 uerba
177 3044 228 3112 illa
251 3042 349 3117 quod
373 3043 554 3101 libabant
577 3044 809 3101 anelabatur
833 3045 914 3102 nullo
938 3043 1025 3101 modo
1052 3044 1088 3100 ad
1105 3044 1233 3102 earnis

53 3133 208 3208 ‘pertinere
243 3135 377 3207 possunt,
425 3151 495 3208 ergo
519 3132 574 3190 hoo
597 3134 658 3190 sere
682 3134 815 3207 exemplo
839 3153 906 3190 euni
929 3133 1027 3190 locum
1052 3132 1122 3190 olim
1145 3133 1233 3208 sarip-

57 3228 125 3280 tum
150 3240 212 3280 esse
236 3219 390 3278 existimo:
824 3288 825 3292 Ἰ

185 3326 188 3333 ·
284 3351 678 3367 ........
724 3298 793 3388 qnia
820 3305 908 3367 illam.
925 3325 986 3388 per
1008 3305 1134 3366 edissam

273 3392 361 3455 boum
386 3394 484 3456 rnallta
506 3394 669 3476 auidaque
692 3396 744 3477 opt
738 3416 827 3456 inum
894 3394 976 3456 elaeae
1000 3394 1066 3456 ertit
1056 3399 1195 3468 loannis,

273 3487 437 3562 uiniinrque
461 3489 540 3562 quod
564 3488 698 3546 libabant
805 3489 980 3547 anelabatur
1003 3482 1145 3546 inultum.

54 3573 169 3654 psol
193 3595 237 3651 sq.
275 3567 304 3630 οἳ
326 3568 380 3630 ἕλε
384 3591 398 3630 ν
422 3566 525 3631 εἵνεκα
548 3570 658 3640 πολλὰ,
685 3572 759 3651 βόας
782 3572 835 3631 καὶ
857 3568 924 3657 'ipa
947 3570 1042 3654 μῆλον,

279 3657 373 3744 ἐὀφοο
361 3662 416 3729 ον,
442 3658 612 3728 πολλὀςδὲ
636 3655 787 3720 πίθων
757 3660 907 3745 ηφὸοοετο
931 3656 1019 3728 οἶνος.

169 3775 228 3840 42.
275 3780 422 3839 Nonius
447 3782 520 3852 493,
540 3781 591 3840 16
637 3781 949 3856 Dextrabuspro
966 3781 1092 3838 dexans
1110 3778 1233 3849 (dextris

59 3863 205 3944 Bumb).
251 3870 380 3928 laberius
416 3863 492 3943 (sim
525 3869 630 3928 Liuius
665 3863 836 3940 Reatinus)
861 3871 890 3927 in
914 3870 1084 3928 Odissia:
1113 3871 1233 3944 deque

56 3959 238 4017 manibus
273 3959 516 4017 dextrabus’'.
547 3993 579 4000 -
607 3975 631 4013 ω
656 3959 719 4016 534
743 3961 798 4014 τῶν
823 3952 855 4013 δὲ
880 3951 1039 4014 δεισάντων
1065 3948 1101 4013 ἐκ
1123 3959 1234 4035 χειρῶν

58 4040 174 4103 ἔπτατο
197 4042 318 4125 τεὺχεα.
343 4077 383 4086 —

490 4212 809 4221 ——--——-
