2910 4778
528 1131 683 1202 OAPV'P
712 1130 755 1203 V.

419 1271 420 1274 Ὺ
443 1282 503 1361 De
532 1281 842 1384 compositione.

168 1473 187 1556 ἓ
216 1475 244 1536 1.
291 1471 385 1537 Nunc
430 1494 526 1556 quam
567 1469 754 1537 breuissime
795 1473 950 1554 quomodo
984 1493 1095 1535 uersus
1130 1470 1233 1534 italici

57 1589 182 1672 antiqui
206 1589 373 1672 compositi
396 1588 461 1653 sint
483 1588 632 1671 periodis

167 1704 368 1769 Periodos
402 1705 473 1768 dico
502 1703 736 1787 complexiones
760 1704 974 1768 membrorum
998 1725 1131 1768 numero
1155 1724 1232 1768 con·-

60 1821 178 1899 clusaS,
213 1842 272 1884 nec
307 1821 401 1884 modo
437 1842 490 1884 eas
525 1841 606 1902 quae
630 1820 790 1883 artissimo
813 1820 1024 1884 membrorum
1049 1841 1133 1882 nexu
1156 1841 1234 1883 con-

57 1937 189 2000 strictae
225 1940 308 2015 sunt,
343 1937 398 1999 sed
423 1937 521 2000 etiam
544 1958 625 2019 quae
649 1937 681 2000 in
706 1936 850 2000 confiniis
874 1937 1087 2001 membrorum
1111 1935 1233 2000 habent

56 2053 217 2137 syllabam
252 2053 423 2136 ancipitem
461 2056 493 2115 et
526 2052 701 2134 hictum1).
750 2056 813 2116 est
841 2052 945 2116 enim
967 2052 1120 2134 ubique
1145 2051 1233 2116 fere

55 2169 169 2231 inter
191 2170 366 2232 membra
389 2168 648 2252 periodorum
671 2169 713 2232 in
735 2168 884 2232 italico
908 2190 1079 2252 genere,
1105 2169 1144 2232 de
1168 2189 1234 2250 quo

55 2305 144 2347 nunc
168 2284 304 2368 agimus
328 2284 440 2348 locus
465 2288 504 2348 et
526 2284 662 2348 hiatui
686 2288 723 2348 et
746 2285 937 2368 syllabae
962 2284 1150 2367 ancipiti.

166 2399 266 2464 Velut
299 2400 332 2464 id
366 2421 468 2485 genus
496 2400 700 2484 periodorum
723 2400 947 2464 bimembrium
971 2400 1023 2463 cui
1045 2420 1161 2487 nomen
1185 2402 1234 2462 est

53 2516 166 2579 uersui
210 2517 353 2580 saturnio
397 2517 524 2600 saepius
559 2516 658 2580 habet
691 2517 723 2579 in
759 2517 844 2579 exitu
878 2516 993 2598 prioris
1027 2514 1233 2593 hemistichii,

55 2632 182 2715 pariter
207 2635 302 2715 atque
325 2632 360 2695 in
382 2633 578 2714 posterioris,
603 2633 759 2716 syllabam
784 2632 955 2714 ancipitem
980 2634 1012 2694 et
1035 2630 1168 2694 hiatum.

165 2744 255 2810 idem
278 2748 315 2810 fit
337 2747 371 2810 in
394 2748 509 2811 ceteris
533 2748 601 2812 fere
624 2747 764 2832 periodis
787 2769 938 2812 uersuum
950 2746 1140 2825 italicorum,
1158 2746 1226 2809 siue

57 2864 254 2927 bimembres
278 2866 352 2926 sunt
374 2863 442 2927 siue
466 2864 607 2946 plurium
630 2865 853 2928 membrorum.
894 2862 1045 2927 uidelicet
1062 2860 1235 2944 compleri-

53 3001 133 3043 ones
163 2982 325 3042 ternorum
360 2979 413 3042 uel
447 2984 674 3062 quaternorum
697 2981 912 3043 membrorum
935 2979 1107 3042 inconexae
1131 2998 1234 3060 aeque

55 3096 176 3158 debent
200 3094 324 3177 periodi
348 3096 505 3159 nominari
526 3100 622 3180 atque
640 3096 870 3178 complexiones
886 3095 1060 3158 inconexae
1077 3094 1232 3157 binorum.

167 3210 211 3273 Et
246 3211 395 3292 quoniam
418 3215 543 3274 tantum
566 3212 628 3275 loci
653 3214 700 3274 est
724 3210 798 3274 huic
821 3210 963 3275 libertati
988 3230 1172 3273 concessum
1197 3212 1235 3273 ut

53 3327 201 3390 membra
228 3327 432 3409 periodorum
454 3327 635 3391 italicarum
659 3327 785 3409 saepius
809 3326 874 3388 sint
897 3326 1058 3404 inconexa,
1081 3325 1233 3408 hyper-

53 3445 189 3505 metra
223 3442 352 3506 nomino
387 3464 594 3526 quaecunque
630 3442 753 3525 periodi
788 3442 858 3525 plus
893 3441 1039 3505 binorum
1072 3441 1234 3539 membro-

56 3580 130 3621 rum
171 3558 383 3640 aequabiliter
421 3559 593 3622 decurrunt
631 3559 766 3649 pedibus
805 3557 949 3621 omnibus
985 3561 1041 3621 aut
1074 3555 1233 3621 trochaeis

1196 3670 1233 3682 —⁴

171 3719 193 3794 ¹)
217 3724 312 3799 quue
347 3725 403 3783 feci
438 3724 610 3784 auctoribus
646 3725 787 3800 antiquis,
823 3742 950 3799 quorum
984 3726 1064 3783 locos
1087 3724 1233 3799 quosdam

54 3813 214 3889 adscripsit
237 3812 382 3872 Christius
406 3806 522 3872 metr.²
545 3834 576 3889 p.
603 3812 664 3871 132
688 3814 704 3884 ἓ
731 3812 803 3871 171.
849 3813 870 3871 ii
893 3813 999 3872 docent
1013 3812 1149 3888 periodos
1166 3831 1232 3871 con·

54 3910 137 3962 stare
159 3920 245 3978 posse
268 3921 327 3961 non
351 3903 440 3962 modo
464 3903 617 3962 commatis
641 3905 672 3960 et
695 3903 774 3968 colis,
800 3902 962 3960 sedetiam
986 3901 1131 3960 uersibus.
1171 3901 1233 3958 Ma·

54 3992 119 4050 rius
155 3991 328 4050 Victorinus
363 4013 393 4068 p.
432 3995 483 4051 55.
510 3991 526 4048 7
550 3986 591 4049 K
612 3985 772 4067 ''ospiodoc
796 4021 837 4031 -
862 3991 998 4050 subsistit
1021 4010 1056 4048 ex
1079 3990 1235 4049 commatis

54 4080 128 4139 colis
153 4083 184 4138 et
205 4080 375 4140 uersibus’'.
401 4112 442 4122 -
469 4081 665 4139 Gladitschius
689 4080 704 4138 Ι
727 4081 768 4139 M.
792 4080 897 4155 Antiq.
921 4072 979 4138 112
1002 4100 1031 4154 p.
1058 4078 1231 4137 699-701

53 4170 118 4227 uim
143 4169 206 4227 eius
231 4171 439 4245 appellationis
462 4170 594 4228 terminis
619 4169 860 4228 circumscribens
880 4169 950 4228 fecit
964 4168 1125 4238 minorem3
1142 4168 1234 4243 idque

53 4277 110 4317 suo
134 4257 199 4315 iure
223 4259 361 4328 fortasse,
385 4260 518 4318 sednon
543 4257 682 4318 conuenit
705 4259 742 4316 ad
766 4258 874 4316 omnia.
