2910 4778
572 313 642 359 OAP.
662 313 732 359 vm.
1161 315 1242 362 CLIX

61 489 137 547 sunt
161 484 194 546 in
217 484 409 568 scriptorum
433 485 638 551 umbraculis.
673 488 881 569 quamobrem
906 491 1021 570 poetae
1038 487 1161 564 comici,
1179 509 1242 571 quo

60 601 166 686 magis
191 601 289 664 uitam
313 623 478 685 moresque
502 601 666 666 hominum
689 602 898 679 immerenter,
922 602 1111 686 frequentur
1139 603 1243 667 admi-

60 722 213 781 scuerunt
237 718 417 801 prouerbio.
465 720 498 782 et
526 718 654 801 quidem
691 719 818 802 saepius
842 719 1013 800 prouerbia
1035 722 1240 802 sumpserunt

61 857 140 898 uera
158 833 198 915 ¹);
222 835 382 898 interdum
406 835 469 918 ipsi
493 835 578 899 dicta
601 835 640 898 iis
665 834 782 898 similia
809 835 1011 898 inuenerunt.
1058 835 1113 898 sed
1137 839 1173 898 ut
1196 835 1240 898 si·

61 950 154 1013 miles
178 972 273 1032 saepe
297 951 361 1013 sint
384 928 751 1034 poetarum-sentcntiae
775 950 965 1033 prooemiis,
982 955 1090 1014 tamen
1105 951 1241 1013 interest

59 1066 147 1129 inter
181 1089 257 1130 uera
292 1067 463 1150 prouerbia
499 1070 531 1130 et
565 1067 740 1129 sententias
765 1066 955 1130 comicorum
979 1065 1109 1148 aliquid.
1156 1067 1240 1150 quod

61 1183 232 1246 discrimen
256 1187 410 1266 quantum
435 1184 477 1246 sit
500 1183 652 1260 cernitur,
677 1183 704 1245 si
728 1203 800 1245 cum
824 1181 1002 1265 prouerbiis
1026 1182 1111 1245 ueris
1135 1188 1168 1246 et
1182 1205 1241 1265 po-

59 1299 227 1382 pularibus
251 1299 423 1362 contuleris
447 1299 621 1362 sententias
646 1299 698 1362 uel
720 1319 855 1380 graecas
879 1319 961 1381 quae
986 1297 1238 1362 subMenandri

61 1415 188 1478 nomine
224 1415 370 1478 teruntur
401 1416 452 1478 uel
475 1415 592 1478 latinas
616 1414 758 1480 Publilii.
806 1414 907 1478 multo
930 1414 1012 1477 enim
1039 1414 1072 1476 in
1095 1415 1241 1505 utrisque

60 1529 303 1594 collectionibus
326 1534 401 1594 sunt
424 1532 509 1595 dicta
533 1536 657 1616 argute,
681 1531 782 1594 multa
806 1531 960 1615 grauiter,
985 1529 1085 1594 multa
1110 1530 1238 1594 subtili-

59 1649 121 1725 ter,
157 1646 258 1709 multa
282 1646 463 1730 elegantem
499 1647 554 1710 sed
578 1668 628 1710 res
652 1646 803 1710 uniuersa
826 1647 893 1710 fere
918 1645 1035 1709 dieitur
1058 1647 1238 1730 generatim

60 1766 158 1846 atque
193 1763 329 1827 exiliter.
377 1767 410 1825 at
445 1784 545 1846 genus
577 1763 732 1846 populare
755 1762 893 1826 ludendo
917 1762 1009 1825 docet
1033 1765 1065 1824 et
1088 1783 1145 1844 per
1169 1785 1239 1824 anr-

59 1879 161 1961 bages
196 1879 366 1942 cauillatur
394 1882 426 1941 et
450 1901 516 1942 rem
541 1879 725 1962 generalem
749 1878 888 1942 ostendit
912 1883 1102 1963 argumento
1126 1877 1239 1959 singu·

56 1994 131 2071 lari,
166 1995 222 2058 sed
256 1995 385 2079 insigni.
444 2016 521 2078 ergo
554 1995 588 2057 in
623 1994 789 2058 sententiis
820 2000 986 2078 poetarum
1021 2015 1095 2058 raro
1129 1995 1235 2058 cerni·
1329 2038 1332 2043 -

56 2115 113 2174 tur
160 2111 209 2174 uis
255 2112 311 2174 illa.
357 2111 467 2194 paruis
507 2111 632 2174 dicendi
677 2132 796 2195 magna
837 2109 1065 2194 humiliterque
1107 2111 1232 2195 grauia,

59 2228 153 2291 deest
177 2227 312 2310 denique
336 2227 427 2310 lepos
451 2227 505 2290 ille
529 2227 700 2310 peculiaris
724 2227 967 2310 prouerbiorum
983 2226 1186 2309 popularium
1201 2225 1239 2300 2).

54 2343 176 2426 quibus
210 2334 303 2426 quasi
335 2365 397 2406 non
432 2343 611 2406 ostenditur
637 2365 688 2406 res
712 2342 823 2420 omnis,
848 2343 903 2405 sed
927 2344 1011 2405 tecte
1036 2342 1238 2426 significatur

56 2464 92 2524 et
117 2460 347 2543 quodammodo
370 2459 497 2523 uelatur
520 2460 684 2523 inuolucro
707 2457 933 2542 simplicitatis.

151 2575 364 2650 Quamobrem
380 2575 609 2640 sententiarum
624 2574 704 2638 illud
720 2596 821 2659 genus
838 2573 1057 2637 scaenicorum
1074 2573 1235 2636 interdum

56 2693 207 2766 fortasse,
232 2693 287 2756 sed
311 2714 374 2755 non
399 2691 533 2755 multum
557 2693 721 2774 receptum
746 2694 795 2753 est
817 2690 851 2752 iu
874 2711 1036 2751 sermones
1055 2689 1238 2752 multitudi-

55 2811 120 2873 nis.
168 2813 200 2871 at
222 2786 256 2872 in
278 2808 440 2872 litteris
464 2807 608 2872 nonnihil
633 2807 735 2870 ualuit
758 2827 827 2884 usu,
844 2807 927 2889 quod
944 2805 1116 2888 scriptores
1133 2807 1234 2887 scrip-

55 2929 163 2988 torum
198 2925 277 2988 scite
312 2924 397 2987 diota
432 2924 667 2987 suscribebant.
713 2921 803 2985 uelut
837 2921 916 2984 illud
939 2919 1082 2984 Terentii
1105 2919 1239 2984 'aceritus

38 3043 164 3106 ‘mltum
183 3042 283 3124 porit'
307 3041 411 3124 apud
436 3040 666 3122 scriptores
690 3042 729 3101 et
752 3038 791 3100 in
814 3037 939 3100 libris
963 3037 1158 3121 prouerbiali
1175 3059 1236 3101 usu

55 3132 298 3241 frequentatum
322 3160 379 3219 est.
426 3155 589 3238 multaque
615 3155 682 3218 eius
706 3153 833 3239 generis
858 3153 950 3236 quasi
973 3152 1152 3216 communia
1171 3153 1236 3216 cir-

55 3271 327 3338 cumferebantur.
384 3272 524 3356 itemque
560 3271 815 3334 eruditorum
850 3269 1106 3333 sermonibus
1143 3269 1231 3332 dicta

56 3392 224 3472 poetarum
248 3392 281 3451 et
304 3387 565 3472 philosophorum
589 3386 775 3450 circumlata
799 3407 867 3448 esse
892 3407 930 3448 eo
953 3384 1023 3467 ipso
1040 3384 1237 3468 perspicitur

55 3505 140 3589 quod
176 3505 209 3568 in
244 3505 361 3568 litteris
390 3503 551 3568 Ciceronis
576 3507 607 3566 et
631 3502 737 3580 Plinii,
762 3523 897 3586 quarum
920 3501 1093 3584 pleraeque
1116 3501 1233 3585 imagi·
1258 3580 1261 3588 Ι

171 3737 195 3813 ¹)
219 3743 311 3800 Velut
340 3737 465 3820 Vapulat
488 3737 634 3820 Papiria,
658 3741 739 3816 quod
762 3739 956 3815 prouerbium
981 3739 1071 3797 luisse
1095 3738 1126 3796 in
1141 3738 1234 3797 Fene-

55 3833 166 3891 ratrice
203 3831 386 3891 ”Plautina’'
420 3841 526 3891 auctor
549 3833 594 3888 est
617 3829 737 3888 Sinnius
762 3827 869 3904 Capito
893 3849 941 3904 ap.
965 3828 1089 3886 Festum
1111 3847 1140 3902 p.
1168 3829 1229 3885 568

57 3916 179 3980 Fbcwr.
194 3943 235 3967 =
253 3921 315 3979 372
342 3915 391 3997 M,
424 3925 454 3978 et
476 3921 506 3978 in
530 3918 698 3995 prouerbiis
722 3917 813 3977 fuisse
838 3917 971 3992 antiquis
995 3935 1048 3975 nec
1071 3916 1229 3974 inuentum

55 4011 94 4069 ab
118 4029 154 4070 eo
178 4010 230 4085 qui
252 4010 476 4070 Feneratricem
499 4009 618 4085 scripsit
642 4013 672 4066 et
694 4006 815 4066 Sinnius
839 4008 925 4066 docet
949 4010 978 4064 et
1001 4025 1038 4063 ex
1059 4005 1124 4064 loco
1140 4005 1232 4062 Fene-

54 4099 175 4160 ratriois
200 4120 247 4176 ap.
272 4101 395 4158 Festum
419 4098 569 4174 adscripto
593 4099 700 4156 elucet.

167 4182 195 4265 2)
218 4189 283 4248 Hoc
318 4189 393 4247 illud
428 4193 472 4247 est
507 4188 586 4263 quod
615 4186 843 4246 Cicerodeor.
868 4184 939 4254 1Ιὲ
964 4183 1025 4241 258
1051 4186 1142 4261 negat
1163 4202 1232 4258 pro-

53 4278 162 4338 uerbia
185 4278 285 4336 uerbis
314 4277 438 4335 mutatis
462 4276 590 4334 retinere
612 4294 699 4351 posse
723 4274 845 4332 eandem
867 4276 1069 4332 uenustatem.
