2910 4778
246 308 326 355 LXVI
467 352 469 360 ,
724 308 889 356 Excvnsvs
909 308 930 354 1.

246 478 349 545 Nasu.
373 482 393 544 3
440 529 722 545 ......
770 480 935 544 amborum
959 481 1069 543 risores

437 598 533 658 noctu
557 592 672 659 Troia'd
697 596 824 659 exibant
869 595 1028 679 capitibus
1051 596 1171 678 opertis

438 710 593 775 flentes
617 711 753 774 ambae
777 712 976 774 abeuntes
1023 715 1093 774 crim
1117 711 1263 775 lacrimis
1288 712 1408 778 multis.

352 871 395 935 Et
419 871 528 934 eadem
553 893 627 935 usus
650 893 719 934 surn
745 871 949 954 discriptione
973 892 1123 935 uersuum
1147 894 1210 955 qua
1235 873 1339 958 uulgo
1355 874 1418 937 edi-

245 992 340 1065 tores,
375 1009 433 1050 nec
468 987 562 1051 facile
598 986 692 1050 aliter
723 986 853 1050 discribi
876 986 911 1050 hi
934 1009 1045 1050 uersus
1069 992 1209 1071 possunt,
1259 1010 1321 1052 nec
1346 1011 1417 1053 uero

246 1103 413 1186 quisquam
436 1103 605 1167 mirabitur
627 1124 677 1166 me
701 1102 851 1165 flentes
875 1103 1013 1166 ambae
1039 1103 1132 1166 malle
1149 1125 1248 1187 quam
1264 1104 1416 1168 flentes

246 1219 392 1282 ambae.
439 1218 477 1281 de
513 1217 682 1282 Ritschelii
717 1216 897 1281 coniectura
933 1219 1068 1282 ambas
1092 1241 1122 1282 u.
1148 1219 1256 1283 adnot.
1282 1219 1357 1297 crit,
1380 1220 1413 1284 ad

244 1333 276 1398 h.
301 1333 321 1397 1.
347 1337 378 1397 et
402 1334 441 1397 ad
466 1332 570 1399 Carni.
594 1332 715 1397 Priami
738 1355 770 1416 p.
796 1334 869 1397 113.

244 1491 345 1559 Naeu.
372 1496 412 1559 10
436 1498 600 1558 inerant
624 1497 740 1579 signa
764 1496 951 1576 expre‘ssa
997 1495 1176 1578 quomodo
1199 1493 1312 1560 Titani

436 1611 617 1694 bicorpores
640 1609 795 1694 Gigantes
840 1610 950 1694 ma'gni
974 1611 1070 1692 atque
1094 1610 1245 1674 Atlantes

434 1725 597 1791 Rdncus
622 1727 662 1790 dc
686 1724 919 1810 Purpureus
967 1726 1030 1788 f1'li1'
1052 1725 1167 1790 Terras
1189 1774 1196 1785 ,

349 1841 524 1926 Discriptio
548 1864 697 1905 uersuum
720 1844 768 1905 est
791 1842 868 1905 satis
885 1846 983 1920 certa,
999 1864 1102 1924 neque
1118 1842 1289 1926 quisquam
1303 1845 1408 1921 editor,

242 1959 326 2041 quod
349 1958 457 2035 sciam,
482 1957 576 2021 aliter
600 1957 760 2041 discripsit
772 1961 867 2041 atque
883 1957 942 2022 boc
958 1958 1028 2021 loco
1046 1958 1190 2041 discripti
1206 1962 1291 2023 sunt.
1325 1982 1409 2025 scan-

241 2074 288 2137 sio
312 2077 419 2137 autem
441 2074 545 2157 magis
569 2077 781 2136 controuersa.
828 2095 923 2156 quam
946 2073 1014 2137 sine
1038 2073 1184 2137 anacrusi
1209 2074 1279 2138 fieri
1298 2076 1409 2141 debere

241 2190 274 2252 in
310 2212 403 2253 uersu
434 2190 529 2253 tertio
553 2190 681 2273 quidem
704 2211 798 2253 nemo
821 2189 954 2274 negabit
977 2193 1106 2272 praeter
1129 2212 1182 2253 eos
1207 2191 1262 2273 qui
1287 2192 1410 2274 quiduis

241 2307 368 2385 audent,
392 2306 467 2369 dum
490 2327 598 2369 omnes
622 2305 779 2369 saturnios
803 2295 948 2369 anaerusi
972 2305 1148 2383 instruant;
1165 2306 1227 2369 nisi
1243 2305 1327 2371 forte
1343 2307 1409 2390 quis

240 2421 343 2507 magis
367 2421 543 2485 delectatur
566 2421 729 2484 scansione
753 2420 809 2484 illa
832 2401 975 2505 uulgari:
994 2419 1175 2484 ’'Runcus
1191 2425 1315 2504 atque
1332 2421 1408 2487 Pur-

240 2559 356 2621 pureus
379 2538 401 2600 l'.
425 2535 485 2602 Τ.”
511 2573 552 2581 -
577 2537 697 2620 primus
722 2540 828 2600 autem
852 2558 961 2600 uersus
986 2535 1135 2620 rhythmo
1160 2537 1332 2620 asperiore,
1357 2538 1408 2603 sed

239 2653 400 2718 tolerabili
434 2652 544 2716 scandi
578 2653 623 2716 sic
659 2655 778 2735 potest:
803 2652 966 2716 inerant
989 2656 1105 2736 signa
1129 2657 1333 2736 expressa.
1380 2657 1411 2717 at

239 2770 348 2854 grauis
372 2769 567 2852 molestaque
591 2767 671 2831 mihi
695 2772 743 2831 est
765 2769 889 2832 scansio
914 2768 1032 2832 Haveti
1057 2773 1089 2831 et
1112 2768 1302 2833 Baehrensii
1326 2770 1409 2834 ine·

239 2887 334 2949 rant
368 2886 487 2969 signa
515 2888 717 2966 expressa.
763 2906 845 2968 quae
869 2905 940 2947 curn
964 2883 1055 2947 hiatu
1078 2884 1111 2947 id
1134 2906 1256 2968 quoque
1280 2907 1410 2969 suspec-

238 3005 305 3064 tum
334 3000 432 3065 habet
455 3001 538 3084 quod
561 2999 707 3063 ultimam
730 2999 817 3063 illius
840 3000 960 3084 signa
983 3000 1161 3082 producunt
1183 3005 1321 3087 praeter
1337 3023 1410 3066 con-

238 3115 437 3181 suetudinem
472 3115 585 3180 aetatis
620 3111 816 3194 Naeuianus,
853 3136 924 3178 curn
956 3139 997 3178 -a
1021 3119 1161 3179 extrema
1184 3119 1256 3199 post
1279 3117 1410 3203 longam

237 3232 466 3315 paenultimam
501 3253 564 3295 non
598 3231 662 3295 iarn
697 3232 795 3316 longa
829 3231 900 3295 fuit.
948 3231 1107 3295 Lucienus
1131 3237 1238 3295 autem
1261 3231 1410 3313 Mueller,

238 3348 312 3412 dum
346 3348 529 3411 necessitati
564 3347 612 3411 illi
648 3348 817 3411 enacrusin
844 3347 980 3410 addendi
1004 3369 1109 3411 errore
1134 3347 1291 3431 opinionis
1315 3349 1409 3414 fictae

237 3463 346 3528 seruit.
385 3463 496 3528 ordine
530 3465 701 3528 uerborum
736 3466 857 3528 mutato
893 3463 938 3526 sio
973 3463 1100 3528 scribit:
1138 3464 1307 3527 inerant
1342 3488 1410 3530 ex-

236 3584 380 3662 pre'ssa
403 3582 521 3664 signa
545 3630 552 3644 .
579 3631 586 3646 .

236 3737 338 3806 Naen.
353 3740 414 3805 *16
432 3740 526 3805 dein
548 3741 707 3823 pollens
731 3740 904 3825 sagittis
949 3740 1147 3824 inclutusqne
1170 3743 1377 3822 arquitenens

428 3859 556 3920 sunctds
578 3857 658 3922 Ioue
682 3855 757 3920 Deli
802 3855 915 3920 Pueros
939 3858 1112 3941 prognatus

428 3970 545 4057 Apollo
593 4021 1154 4038 ...........

258 4194 263 4205 ·
340 4160 478 4226 Versum
500 4161 639 4243 primurn
662 4182 770 4224 omnes
792 4162 839 4225 ita
862 4161 1039 4225 discribnnt
1061 4162 1098 4223 ut
1120 4158 1172 4222 hie
1194 4159 1358 4244 discripsi3
1376 4161 1409 4232 id

234 4294 308 4343 uero
343 4276 449 4342 differt
484 4275 563 4341 haec
588 4276 742 4342 dimensio
765 4277 805 4342 ab
829 4299 971 4361 eaquae
996 4276 1093 4361 uulgo
1117 4274 1296 4356 adhibetur,
1320 4277 1407 4359 quod
