2910 4778
255 311 356 359 chvl
703 311 749 357 DE
767 310 972 358 susumus,

361 483 523 570 Cognatas
553 483 603 547 his
633 486 707 547 sunt
729 482 1036 547 translationes
1059 481 1305 548 continuae.
1347 482 1419 566 quod

254 619 356 683 genus
390 621 429 663 ex
463 600 609 684 pluribus
643 600 751 665 uerbis
785 599 977 663 continuatis
1012 602 1045 662 et
1066 598 1232 662 sententie
1256 598 1418 663 coniunctis

253 715 438 779 conectitur.
484 716 519 779 in
541 715 602 780 hoc
625 737 743 801 genere
766 737 828 781 non
850 716 984 780 uerbum
1004 713 1171 797 aproprie
1186 715 1268 779 sede
1285 714 1319 779 in
1334 715 1416 779 sliam

254 830 397 909 ducitur;
421 831 632 896 sententis
655 830 851 895 uniuerso
872 829 1074 894 transfertur.
1119 827 1204 893 hoec
1228 829 1305 914 ipse
1324 833 1416 895 nons-

252 946 330 1011 latio
354 947 404 1011 uel
427 948 468 1011 ed
491 968 601 1011 sensus
624 947 810 1012 admonetur
833 947 885 1011 nel
908 946 949 1011 ad
972 946 1051 1010 alias
1067 967 1118 1010 res
1134 946 1292 1010 definitos
1315 947 1415 1032 uulgo·

254 1083 314 1144 que
338 1062 493 1148 cognitas.
538 1086 613 1127 nam
642 1063 746 1126 simile
769 1064 851 1126 sumi
875 1063 957 1127 solet
979 1066 1012 1126 et
1033 1062 1162 1146 insigne
1187 1062 1231 1126 sd
1255 1063 1414 1128 notandum

253 1179 286 1240 et
318 1181 429 1242 notum
463 1178 504 1243 ad
527 1180 772 1265 agnoscendum.
818 1178 1054 1242 transferuntur
1076 1177 1122 1241 ito
1144 1178 1331 1243 sententiire
1352 1200 1413 1261 pro·

252 1293 410 1358 uerbinles
432 1295 535 1360 tribus
557 1295 673 1372 modis3
697 1295 836 1378 primum
860 1294 901 1358 ab
924 1294 964 1357 iis
987 1315 1067 1377 quse
1091 1298 1167 1357 sunt
1189 1293 1227 1357 in
1242 1315 1350 1359 rerum
1366 1316 1412 1357 na·

251 1412 333 1485 tura,
359 1410 471 1474 deinde
495 1411 687 1494 soporibus
711 1410 797 1474 uitae
820 1409 989 1488 humanae,
1013 1412 1217 1491 postremos
1241 1408 1376 1474 fabellis.
1449 1494 1451 1499 Ι

360 1523 386 1589 Ι.
434 1526 486 1591 Ab
519 1525 559 1589 iis
582 1547 664 1609 qnae
687 1528 761 1588 sunt
784 1525 817 1588 in
837 1546 947 1589 rerum
970 1527 1086 1588 natura
1108 1527 1141 1587 et
1164 1547 1184 1588 c
1207 1545 1343 1609 corpore
1364 1523 1411 1587 hu·

253 1663 346 1706 mano
370 1645 403 1705 et
425 1643 466 1706 ab
488 1642 612 1705 naturis
636 1641 830 1705 animalium.

359 1757 392 1840 α)
421 1756 536 1842 Ubique
557 1758 677 1821 enodius
692 1757 795 1820 coctus
810 1763 862 1819 est.
916 1756 1017 1819 Uuom
1032 1777 1099 1818 cauo
1113 1756 1251 1820 scidendo
1266 1759 1361 1821 uario
1372 1756 1408 1839 fit.

358 1926 389 2006 β)
412 1925 491 1991 Flos
524 1928 604 1990 cieris
638 1926 839 2011 Augustinus
874 1926 945 1989 adu.
980 1924 1132 1989 Petiliani
1166 1925 1232 1988 litt.
1257 1922 1296 1991 'II
1319 1947 1346 1991 c.
1368 1926 1408 1989 66.

251 2040 403 2105 Erasmus
437 2043 536 2106 4612.
583 2041 681 2105 Gotto
714 2048 808 2104 count
831 2041 965 2125 lapidem
987 2039 1063 2104 Otto
1086 2039 1228 2106 Woelffi.
1252 2040 1352 2106 Arch.
1373 2038 1409 2104 IV

251 2158 304 2222 23.
350 2154 515 2238 (Nondum
538 2158 675 2220 ninnium
698 2157 820 2220 dierum
842 2157 888 2220 sol
910 2156 1021 2219 occidit
1042 2155 1114 2223 Liu.
1138 2153 1282 2221 XXXIX
1310 2159 1361 2222 26.
1384 2158 1407 2233 9,
1449 2182 1451 2187 ·

250 2273 383 2337 uerbum
406 2271 559 2357 Philippi,
583 2271 776 2336 Romanisne
800 2276 832 2336 et
855 2271 931 2355 ipsis
954 2271 1106 2336 usItotum
1129 2271 1230 2336 fuerit
1251 2273 1381 2359 ignoro).
1449 2268 1451 2363 j

358 2523 391 2604 α)
416 2521 520 2585 Frons
543 2523 682 2605 occipitio
701 2521 802 2605 prior.

355 2690 386 2773 β)
410 2689 532 2754 Manus
555 2712 681 2755 monum
706 2692 795 2755 lauat
817 2688 890 2756 Sen.
907 2690 1009 2775 Apoc.
1027 2693 1057 2756 9.
1075 2693 1105 2770 6,
1122 2713 1288 2777 graecum,
1305 2691 1401 2777 Epich.

250 2806 312 2870 118
347 2806 427 2871 ΑΙιν.
453 2803 493 2870 Ἃ
529 2804 562 2867 δὲ
595 2808 665 2890 χεὶρ
701 2808 753 2868 τὰν
787 2815 878 2890 χεῖρα
902 2809 982 2878 riter.
1030 2806 1125 2871 Omni
1145 2809 1222 2892 pede
1244 2810 1402 2873 standumst

247 2919 378 2996 Quintil.
403 2921 477 2987 inst.
501 2919 566 2986 XII
590 2925 619 2987 9.
647 2923 697 2986 18.

353 3174 385 3248 α)
410 3170 472 3249 Qui
494 3173 617 3234 asinum
641 3193 704 3234 non
723 3179 821 3256 potest
838 3179 972 3236 stratum
999 3172 1107 3236 coedit.
1155 3171 1295 3238 Colobro
1310 3180 1398 3238 restem

247 3306 310 3349 oon
341 3288 441 3369 parit.
488 3286 584 3350 Canis
607 3290 753 3351 corsicam
776 3294 913 3351 nonest.
961 3288 1054 3351 Nihil
1076 3310 1145 3351 oum
1167 3288 1285 3371 fidibus
1305 3307 1399 3375 oross-

248 3399 317 3480 tost‚
342 3402 423 3466 nihil
446 3423 515 3465 cum
539 3404 720 3466 amaracino
743 3404 802 3467 sui.
1177 3394 1179 3398 ¹

354 3571 385 3653 β)
407 3572 502 3656 Aqos'
530 3572 659 3636 asellum
682 3571 748 3637 cio.
784 3572 821 3636 de
856 3595 901 3636 or.
937 3569 969 3635 II
993 3572 1011 3654 ἕ
1036 3574 1110 3651 258,
1134 3594 1290 3658 graecum
1313 3568 1347 3635 Εἰ
1367 3573 1399 3654 μὴ
1432 3466 1451 3637 ,4

245 3683 349 3746 δὺναιο
373 3685 453 3766 βοῦν,
477 3684 579 3748 ἔλαυν’
603 3683 678 3766 ὄνον,
703 3686 828 3751 Genthe
852 3688 890 3752 de
912 3710 1000 3772 prou.
1017 3711 1049 3771 p.
1067 3689 1097 3752 9.
1144 3688 1208 3752 Suo
1231 3691 1346 3754 ivodioio
1356 3707 1400 3773 pc·

247 3802 290 3864 rit
323 3822 413 3865 sorec
445 3801 518 3866 Ter.
553 3802 636 3867 Eun.
674 3804 759 3867 1024
795 3805 826 3866 et
855 3802 971 3867 Donat.
997 3805 1036 3868 ud
1060 3826 1131 3867 enm
1154 3803 1216 3868 loc.
1264 3805 1402 3870 Erasmus

172 3910 176 3915 ⁵
246 3937 279 3999 p.
310 3916 350 3982 97
385 3917 433 3980 ed.
458 3917 532 3981 Bas.
555 3939 587 3981 n.
613 3918 708 3982 1365.
756 3918 868 3982 Gallus
891 3921 926 3983 io
948 3940 1004 3982 suo
1026 3920 1222 4004 sterquilinio
1238 3922 1403 4004 plurimum

240 4039 342 4115 potest
364 4030 436 4096 Sen.
460 4032 524 4098 lud.
551 4034 580 4098 7.
605 4036 635 4098 3.
681 4033 761 4099 Noli
787 4035 857 4118 equi
886 4034 989 4098 dentes
1011 4036 1162 4118 inspicere
1184 4035 1297 4100 donati
1318 4036 1404 4100 Eros·

247 4169 317 4212 mus
351 4148 449 4212 4424.
497 4148 586 4226 Tace,
611 4132 730 4234 linquo,
765 4149 842 4214 daho
859 4171 976 4234 ponem
1000 4150 1132 4226 (dictum
1155 4151 1248 4233 quasi
1273 4152 1345 4216 coni
1365 4151 1405 4214 la·

191 4304 213 4355 ss
246 4264 357 4341 tronti)
385 4261 512 4329 Petron.
541 4267 594 4330 69.
640 4266 771 4330 Alienos
804 4267 938 4351 ccqreltoe
971 4267 1136 4330 distentius
1160 4267 1225 4344 (uel
1245 4265 1407 4353 orandis)
