2910 4778
141 319 216 366 cclv
624 319 670 366 DE
688 319 832 365 nocua.

249 491 415 555 Postrema
449 513 574 575 quoque
610 495 715 555 aetate
749 491 947 574 quaternarii
981 491 1114 555 iambici
1140 491 1301 556 catalectici

141 608 377 690 usurpabantur
400 630 433 670 m
457 607 570 691 elogiis
594 607 708 690 plebis,
754 607 844 670 cuius
866 607 913 670 rei
936 629 1050 670 causas
1072 612 1106 670 et
1123 608 1167 671 ah
1181 629 1216 670 eo
1231 608 1302 690 quod

141 723 244 806 poetis
278 724 346 787 eius
377 723 472 787 metri
496 744 570 787 usus
592 723 667 786 inde
691 724 732 787 ab
755 714 861 786 aetate
885 722 1072 787 Hadrianea
1095 745 1162 788 non
1184 723 1244 787 fuit
1262 724 1304 786 in·

140 839 291 922 frequens
326 844 358 901 et
391 861 480 901 more
516 839 620 921 patrio
654 843 844 922 uetustaque
879 840 1070 922 repetendas
1099 861 1172 902 esse
1195 860 1304 903 censeo.

141 959 229 1018 certe
263 976 326 1017 nou
361 957 427 1017 tam
462 955 568 1018 studia
602 955 784 1017 litterarum
818 976 913 1037 quam
944 954 1137 1037 popularem
1159 956 1302 1038 quandam

141 1069 284 1153 rhythmi
307 1071 492 1133 memoriam
520 1071 691 1133 ostendunt
713 1070 800 1133 tituli
823 1070 872 1133 illi
895 1069 1025 1133 infimae
1058 1071 1178 1134 aetatis
1200 1071 1241 1133 ad
1261 1093 1304 1133 ac·

142 1200 269 1249 centum
304 1186 471 1268 compositi
505 1189 540 1248 ut
575 1184 643 1249 CIL
675 1183 755 1248 VIII
778 1186 864 1249 4447
902 1187 1067 1249 ''Aetema
1103 1187 1215 1249 dumus
1237 1186 1305 1249 hdec

141 1304 222 1364 est’.
268 1303 407 1384 itemque
431 1301 623 1383 paroemiaci
647 1302 686 1363 ad
706 1305 873 1364 accentum
900 1301 977 1364 facti
1001 1300 1071 1365 CIL
1102 1300 1184 1365 VIII
1211 1303 1304 1377 63603

144 1418 266 1495 10945;
292 1417 417 1493 1094&
445 1414 514 1481 CIL
538 1414 585 1480 VI
610 1419 694 1480 6821
721 1420 753 1479 et
769 1439 851 1500 quae
867 1420 940 1480 sunt
956 1417 1025 1480 eius
1041 1439 1117 1502 gen.
1134 1419 1212 1481 item
1229 1417 1306 1481 Huc·

140 1555 210 1596 mer
233 1534 265 1595 in
289 1533 373 1596 libro
403 1533 441 1595 de
466 1533 603 1596 iambico
625 1534 771 1609 dimetro,
807 1555 903 1616 quem
926 1533 1027 1596 edidit
1049 1531 1195 1598 Vindoh.
1221 1534 1307 1609 1876,

141 1671 172 1732 p.
198 1650 283 1712 5-7
308 1649 419 1711 scribit
442 1649 498 1711 illa
521 1652 663 1712 uetustas
686 1650 719 1711 in
743 1645 838 1711 Italia
862 1654 895 1711 et
917 1648 1110 1712 domesticas
1135 1650 1240 1733 egisse
1262 1672 1308 1712 ra-

142 1765 227 1828 dices
263 1765 493 1847 impugnatque
517 1765 638 1846 optimo
663 1765 731 1827 iure
755 1764 946 1827 contrariam
970 1765 1166 1828 sententiam
1190 1765 1306 1829 Ebertii

142 1879 318 1942 'Literotor
341 1880 371 1942 d.
396 1879 604 1943 Mittelulters'
628 1902 660 1962 p.
686 1881 760 1944 173.
796 1879 956 1944 Huemero
979 1880 1025 1943 ita
1039 1881 1200 1944 assentior
1215 1884 1251 1944 ut
1261 1903 1308 1943 ne·

142 2017 216 2080 gem
251 2006 399 2058 accentus
434 1996 604 2059 uerborum
639 1996 773 2059 multum
809 1996 947 2058 ualuisse
979 1995 1018 2058 ad
1043 1997 1191 2059 carmina
1214 1999 1309 2080 prisca

141 2111 356 2175 Romanorum
392 2112 593 2175 modulanda.
641 2112 745 2194 potnit
780 2116 866 2174 certe
896 2111 997 2176 nihilo
1020 2113 1129 2175 miuus
1153 2135 1192 2176 33
1216 2114 1310 2197 poesis

141 2249 223 2310 quae
248 2228 463 2310 quantitatum
487 2249 667 2290 mensuram
695 2228 853 2310 expressit
875 2228 999 2310 aliquas
1023 2228 1144 2291 formas
1167 2231 1310 2293 metricas

141 2344 286 2406 nouiciae
310 2344 398 2426 poesi
420 2344 549 2405 infimae
574 2344 687 2406 aetatis
710 2344 801 2426 quasi
826 2343 1002 2406 hereditate
1025 2345 1157 2407 tradere
1176 2345 1212 2427 ¹).

254 2575 278 2657 ¹)
301 2582 378 2639 Vere
411 2583 465 2640 hoc
489 2583 569 2651 dicit,
593 2582 624 2639 in
648 2583 828 2641 contrariam
850 2586 966 2657 partem
990 2583 1157 2657 disputans,
1184 2583 1306 2642 11313311-

140 2691 195 2729 nus
229 2665 383 2728 'uteinorie
415 2665 463 2728 dcl
497 2666 615 2728 istituto
649 2666 806 2728 lombardo
839 2667 874 2727 di
907 2667 1024 2729 3313333
1059 2687 1073 2728 3
1111 2667 1226 2729 lettere’
1250 2673 1301 2730 nol.

141 2760 215 2818 XVI
238 2781 267 2835 p.
294 2761 374 2818 250:
401 2760 509 2817 ”Nella
532 2760 648 2817 ritmica
671 2761 1164 2819 133113131333113333131133113
1182 2781 1200 2818 a
1216 2779 1304 2820 nuova

141 2850 203 2906 vita
238 2851 259 2906 il
282 2850 401 2907 sistema
426 2850 502 2906 della
530 2849 746 2906 versificazione
770 2849 807 2906 ad
842 2850 955 2907 nocenti
989 2868 1064 2924 pure
1088 2850 1134 2907 31ὸ
1159 2850 1200 2907 ha
1223 2853 1303 2908 avuto

141 2940 231 3014 luogo
267 2938 541 3012 dipendentemente
577 2939 653 2994 dalle
688 2937 781 2995 forme
817 2940 869 2995 che
904 2939 933 2995 13
963 2938 1087 2996 metrica
1111 2938 1304 3013 quantitative

142 3046 235 3084 avena
259 3028 394 3085 adottato
418 3047 433 3084 e
457 3028 666 3102 volgarizzato‚
690 3028 726 3083 ed
749 3033 821 3084 eun
845 3046 954 3095 errore,
978 3028 1106 3086 secondo
1130 3047 1189 3096 me,
1213 3028 1232 3085 11
1255 3045 1307 3085 313

143 3116 211 3172 dere
235 3117 286 3173 che
310 3116 320 3171 i
344 3117 400 3173 due
424 3116 535 3174 sistemi
567 3116 684 3174 11113133
708 3116 862 3174 emetrico
885 3119 1036 3191 potessero
1061 3118 1220 3175 coesistere
1242 3115 1303 3173 indi-

141 3204 280 3278 pendenti
303 3205 386 3262 l’uno
410 3205 888 3280 (131113111333113111333313333
913 3205 1014 3262 cedere
1038 3205 1059 3262 11
1074 3205 1168 3280 luogo
1186 3190 1303 3263 all’altro

141 3292 172 3348 in
194 3293 279 3365 ¹quise
303 3295 355 3351 che
379 3313 414 3350 ne
438 3285 563 3368 sparis'se
587 3293 656 3368 ogni
679 3294 821 3351 t1·accia”.
851 3330 885 3336 -
914 3292 958 3351 cf.
984 3294 1073 3351 etiam
1098 3294 1150 3352 Fr.
1181 3295 1305 3352 Hanssen

141 3381 172 3437 in
195 3374 541 3460 'Rossbach-Westpltol
562 3377 676 3460 puteoli.
701 3376 860 3438 Meo-ie’³
883 3404 913 3458 p.
942 3383 1015 3440 862.
