2910 4778
144 303 270 352 LXXXVI
623 304 789 352 EXOVRSVS
809 305 829 350 I.

251 475 394 540 Primum
417 477 526 559 paucis
550 477 589 541 de
613 480 717 541 aetate
742 499 850 542 eorum
874 499 1032 541 uersuum.

251 593 287 656 L.
314 591 476 656 Cornelius
500 591 556 657 On.
581 593 603 656 f.
628 592 686 657 Cn.
709 615 739 656 n.
756 591 872 676 Scipio,
889 592 921 656 in
939 593 1026 657 cuius
1043 592 1196 657 honorem
1212 593 1309 676 scrip·

144 711 213 771 tum
236 713 283 772 est
306 708 389 793 elog.
414 710 443 772 5.
467 707 561 772 huius
586 709 744 785 editionis,
768 709 888 792 optimo
915 710 982 773 iure
1007 732 1025 772 a
1048 708 1217 772 Visccntio
1241 707 1309 773 Rit-

145 822 262 888 schelio
286 823 482 889 Mommseno
505 823 641 890 habetur
664 826 748 889 filius
771 824 827 890 Cn.
853 824 992 889 Cornelii
1015 825 1053 889 L.
1077 825 1100 888 f.
1124 825 1162 888 L.
1187 847 1220 888 n.
1246 823 1309 888 Sci-

144 939 247 1022 pionis
282 939 422 1022 Hispassi
456 940 511 1024 qui
545 941 579 1004 in
613 941 777 1005 consulatu
807 943 949 1005 mortuus
973 944 1021 1003 est
1045 963 1072 1003 a.
1097 937 1309 1004 DLXXVIII.

144 1056 256 1137 quodsi
279 1077 391 1119 uerum
414 1060 472 1135 est,
496 1055 580 1120 filius
604 1058 671 1120 eius
695 1056 822 1134 Lucius,
847 1057 902 1139 qui
922 1057 955 1119 in
972 1056 1076 1140 elogio
1094 1056 1212 1119 dicitur
1228 1079 1309 1121 mor-

144 1173 217 1233 tuus
242 1192 308 1234 esse
333 1193 432 1236 annos
455 1170 515 1235 XX
539 1177 642 1251 natus
667 1176 809 1236 mortuus
837 1175 981 1236 estante
1005 1194 1033 1235 a.
1059 1168 1159 1236 DHO.
1184 1175 1218 1235 et
1242 1194 1310 1236 rur·

145 1305 198 1348 sus
233 1289 265 1348 et
287 1287 386 1350 uerba
410 1291 443 1350 et
464 1287 591 1351 litterae
615 1289 785 1352 ostendunt
808 1287 891 1351 hunc
915 1287 1043 1351 titulum
1068 1309 1135 1350 csse
1157 1288 1311 1372 scriptum

146 1405 201 1466 aut
234 1406 368 1466 exeunte
403 1403 529 1468 saeculo
562 1401 641 1468 VI:0
665 1407 720 1467 aut
743 1405 871 1466 ineunte
895 1400 1000 1468 Vlla.
1025 1404 1152 1467 circiter
1175 1427 1213 1480 a.
1230 1426 1261 1468 u.
1286 1426 1310 1468 c.

146 1516 264 1582 DOXV
288 1540 360 1582 eum
383 1520 536 1603 scriptum
561 1542 628 1583 esse
653 1520 730 1583 dicit
752 1519 946 1583 Ritschelius
971 1542 1022 1601 op.
1047 1516 1104 1582 IV.
1130 1519 1183 1584 93.
1308 1533 1313 1542 “

251 1633 402 1719 Elogium
436 1635 467 1698 4.
491 1635 544 1699 uel
567 1635 717 1720 Elogium
740 1633 923 1717 Scipionum
945 1635 1076 1698 tertium
1100 1635 1241 1698 dicatum
1266 1639 1313 1700 est

144 1749 314 1813 memoriae
351 1749 385 1813 P.
422 1749 559 1814 Cornelii
582 1751 618 1814 P.
643 1752 665 1814 f.
690 1749 845 1835 Scipionis
869 1752 923 1834 qui
947 1751 1062 1813 flamen
1087 1750 1190 1814 Dialis
1215 1752 1312 1816 fuisse

144 1864 271 1929 dicitur.
318 1887 390 1928 eum
414 1867 615 1930 coniecerunt
630 1865 813 1931 Viscontius
830 1870 862 1929 et
877 1865 1091 1930 Mommsenus
1108 1865 1207 1929 fuisse
1224 1867 1314 1930 Afri·

144 1981 217 2043 cani
250 1981 361 2061 filium,
396 1982 451 2064 qui
487 2005 515 2045 a.
551 2005 581 2046 u.
617 1979 787 2046 DLXXIV
812 1984 851 2046 ab
876 1970 1050 2066 auguribus
1072 1983 1106 2045 in
1129 1981 1235 2046 locum
1260 1980 1313 2065 Sp.

144 2094 300 2161 Postumii
323 2098 435 2162 Albini
459 2101 624 2181 cooptatus
649 2103 697 2161 est
720 2070 836 2182 quique
854 2098 915 2161 fuit
930 2101 1022 2180 pater
1038 2097 1207 2179 adoptiuus
1224 2096 1314 2161 Afri-

146 2212 216 2275 cani
251 2211 393 2277 Minoris.
441 2236 478 2276 ea
502 2214 673 2297 adoptatio,
700 2236 794 2297 quam
818 2213 889 2277 Liu.
913 2210 1030 2275 XLIV.
1055 2213 1098 2274 44
1122 2233 1315 2277 commemo-

144 2329 239 2406 rauit,
264 2332 336 2392 ante
360 2352 388 2392 a.
413 2328 612 2393 DLXXXVI
636 2330 722 2393 facta
746 2332 802 2394 est.
850 2351 936 2413 ergo,
961 2329 987 2391 si
1004 2328 1162 2391 sententia
1177 2327 1315 2392 Viscon-

142 2444 180 2507 tii
215 2447 247 2507 et
280 2443 469 2508 Mommseni
504 2468 580 2509 uera
608 2449 665 2521 cst,
689 2445 749 2509 hoc
773 2444 911 2529 elogium
935 2444 1088 2526 scriptum
1114 2448 1162 2506 est
1186 2444 1314 2508 saeculo

143 2561 232 2623 sexto
257 2564 401 2625 exeunte.
459 2562 594 2645 septimo
618 2561 771 2643 scriptum
794 2564 887 2643 putat
909 2558 1160 2623 Weissbrodtius
1189 2563 1312 2642 quaest.

143 2683 312 2759 grammat.
348 2673 391 2740 ΙΙ.
426 2699 456 2759 p.
493 2678 523 2739 4.
559 2667 586 2739 is
621 2675 734 2758 grauia
758 2676 838 2739 dixit
862 2679 1051 2759 argumenta
1074 2696 1130 2737 cur
1153 2675 1314 2738 sententia

142 2790 198 2854 illa
232 2791 421 2856 Mommseni
454 2792 665 2855 incertissima
690 2814 757 2855 esse
781 2792 952 2854 uideretur.
995 2791 1149 2853 sermonis
1172 2791 1314 2854 indolem

143 2906 323 2990 formasque
346 2907 527 2971 litterarum
550 2907 763 2972 Mommsenus
792 2907 941 2969 disseruit
965 2928 1017 2968 eos
1042 2928 1109 2969 esse
1134 2928 1216 2988 quae
1241 2928 1313 2969 cunr

143 3023 354 3085 monumentis
379 3023 497 3086 saeculi
520 3024 602 3087 sexti
625 3024 761 3086 maxime
778 3022 993 3085 conuenirent.
1040 3022 1135 3104 paulo
1153 3022 1313 3104 antiquio-

144 3159 210 3200 rem
226 3137 310 3201 hunc
327 3139 454 3203 titulum
470 3139 550 3202 facit
565 3138 759 3202 Ritschelius
782 3136 840 3221 Op.
859 3135 915 3201 IV.
934 3140 985 3216 93,
1002 3160 1074 3199 nam
1092 3129 1219 3200 circiter
1236 3160 1265 3200 a.
1283 3160 1313 3201 n.

145 3274 171 3316 c.
207 3252 357 3316 DLXXX
388 3277 459 3317 eum
483 3255 637 3337 scriptum
661 3277 726 3318 esse
752 3255 839 3318 dicit.
885 3251 1135 3316 Weissbrodtins
1160 3256 1269 3315 autem
1291 3253 1311 3316 l.

145 3389 170 3431 c.
208 3391 239 3450 p.
276 3370 294 3432 5
330 3392 386 3434 suo
414 3370 482 3433 iure
507 3373 605 3456 negat
629 3370 712 3435 hunc
735 3371 864 3434 titulum
888 3370 1060 3452 quidquam
1083 3367 1203 3432 habere
1228 3369 1312 3451 quod

144 3485 279 3568 septimo
304 3486 426 3549 ineunti
450 3487 607 3570 assignari
631 3508 692 3550 non
716 3487 827 3568 possit.

250 3601 319 3666 Hoc
354 3602 455 3686 igitur
478 3606 602 3666 constat
625 3608 793 3685 utrumque
818 3601 877 3665 hoc
902 3601 1041 3684 elogium
1065 3599 1220 3682 scriptum
1245 3621 1312 3674 esse

88 3738 99 3748 ·
144 3726 200 3785 aut
223 3722 357 3784 exeunte
381 3719 507 3783 saeculo
529 3721 619 3782 sexto
642 3722 697 3780 aut
720 3719 849 3781 ineunte
866 3717 1012 3800 septimo.
1040 3737 1139 3798 quare
1155 3736 1214 3777 nec
1230 3715 1313 3778 anti-

145 3837 256 3921 quiora
290 3841 372 3915 sunt,
400 3837 496 3899 immo
531 3833 704 3918 posteriora
728 3833 887 3916 plerisque
911 3832 1105 3895 carminibus
1128 3830 1234 3907 Ennii,
1260 3829 1314 3912 qui

136 3959 286 4018 mortuus
322 3956 370 4016 est
398 3975 425 4016 a.
450 3948 643 4028 DLXXXV,
677 3970 735 4012 nec
760 3948 939 4031 antiquiora
962 3949 1030 4010 fere
1053 3945 1170 4008 fabulis
1194 3943 1315 4008 Teren·

145 4071 194 4150 tii,
229 4070 283 4153 qui
318 4073 460 4134 mortuus
496 4069 544 4129 est
574 4089 602 4129 a.
637 4063 765 4128 DXOV.
798 4065 896 4147 atqui,
921 4063 953 4126 id
977 4063 1060 4145 quod
1084 4061 1317 4124 demonstraui-

146 4208 226 4267 mus,
250 4208 309 4251 nec
332 4185 453 4250 Ennius
478 4219 519 4227 -
543 4184 695 4265 quantum
719 4203 758 4243 ex
781 4180 924 4263 reliquiis
949 4177 1125 4240 existimari
1152 4179 1258 4258 potest
1276 4213 1316 4221 —

62 4304 65 4309 '
147 4322 206 4365 nac
228 4300 408 4381 Terentius,
432 4298 516 4384 quod
539 4297 639 4361 multo
662 4295 792 4381 grauius
817 4297 874 4374 est,
899 4315 1051 4377 umquam
1074 4290 1105 4356 A
1128 4291 1320 4357 nominatiui
