2910 4778
596 1105 751 1178 CAPl'T
779 1106 846 1179 111.

589 1255 651 1336 De
677 1256 856 1338 ansibus.

247 1446 297 1512 De
332 1447 457 1512 arsibus
490 1447 594 1530 prima
621 1446 674 1510 lex
697 1452 745 1510 est
768 1448 802 1511 in
824 1446 913 1532 poesi
936 1470 1143 1513 romanorum
1166 1452 1211 1514 ub
1231 1449 1302 1513 sinl

141 1565 181 1627 in
204 1562 327 1649 longa
349 1566 418 1627 aul
441 1562 548 1627 binis
572 1562 777 1627 breuibus.

246 1676 469 1744 Saluuntur
502 1699 613 1742 arses
635 1678 676 1742 in
698 1679 813 1762 poesi
836 1680 1004 1763 antiqua
1026 1683 1067 1744 et
1089 1680 1304 1747 domestica
1348 1748 1350 1773 ζ

139 1794 280 1859 endem
302 1794 417 1859 mado
439 1816 512 1877 quo
534 1794 574 1858 iu
597 1794 786 1859 uersibus
809 1795 1071 1860 scenicorum.
1110 1796 1305 1881 quadappa·
1348 1822 1350 1827 ·

141 1909 225 1973 rebil
258 1910 290 1973 si
317 1909 544 1974 contulerimus
578 1910 798 1993 quaternarios
821 1914 855 1973 et
876 1914 1033 1976 ternarios
1056 1933 1110 1976 eos
1132 1910 1175 1976 de
1197 1913 1306 1997 quibus
1346 1926 1350 1933 '

141 2044 225 2089 nune
247 2024 409 2109 quaeritur
431 2046 504 2090 cum
525 2025 737 2108 quaternariis
760 2030 793 2089 et
808 2026 956 2090 ternariis
973 2025 1080 2091 Plauti
1093 2024 1306 2113 Terentiique.

247 2139 390 2205 Primum
412 2140 513 2225 igitur
535 2141 714 2206 uidebimus
736 2141 823 2206 locos
846 2142 965 2207 arsium
987 2142 1175 2221 solutamm,
1198 2142 1307 2209 deinde

139 2276 205 2339 qun
227 2256 322 2320 moda
343 2255 519 2320 soluantur.

247 2370 333 2436 Raro
357 2372 449 2437 binae
473 2393 560 2437 arses
582 2371 758 2437 soluuntur.
805 2369 894 2438 Seni.
918 2374 972 2437 54.
998 2376 1028 2452 1,
1044 2373 1213 2457 Compree.
1231 2376 1264 2441 9.
1279 2378 1308 2451 3,

139 2488 282 2553 4:23.
328 2487 412 2571 quod
434 2487 561 2570 saepius
583 2488 621 2551 fit
643 2488 677 2551 in
699 2488 913 2572 quaternariis
936 2491 971 2552 et
991 2489 1143 2553 ternariis
1165 2490 1306 2555 saeuien-

139 2624 219 2669 rum.
258 2608 385 2668 Planina
400 2608 471 2667 Aul.
490 2601 666 2668 134bLeo
681 2608 737 2668 Hic
753 2605 940 2685 ldqubrer
956 2604 1187 2671 familiarem.
1221 2610 1310 2671 Trua.

141 2698 204 2757 453
229 2698 327 2757 Malae
349 2716 440 2774 quam
462 2696 594 2757 sumus
617 2692 777 2773 ingdnio.
822 2698 901 2756 Meu.
929 2697 990 2756 111
1014 2694 1309 2759 btdtetibiddio

140 2787 292 2847 uermes.
338 2786 405 2846 cas.
439 2786 467 2841 v
498 2786 528 2844 2.
555 2785 727 2845 17:829
751 2803 771 2843 a
794 2788 822 2844 et
844 2781 862 2844 b
884 2760 965 2863 ige
988 2788 1060 2846 uum
1082 2788 1124 2845 te
1147 2782 1211 2847 uui
1234 2790 1312 2848 nune

140 2876 263 2936 obsecra
339 2868 407 2935 Ubi
436 2878 500 2934 tud
522 2894 608 2933 noua
630 2882 763 2950 nuptast.
810 2876 918 2936 Pseud.
950 2876 1011 2934 211
1038 2871 1190 2952 Diniamin
1212 2876 1312 2937 ddmi

140 2960 265 3025 bibent
298 2984 477 3023 maxumam.
532 2964 623 3023 llere.
661 2963 722 3022 134
757 2963 854 3033 Quid
888 2960 948 3024 esi
981 2965 1103 3042 negoti?
1137 2960 1313 3040 periimus.

140 3052 222 3113 Pers.
258 3054 299 3113 29
334 3049 482 3113 Basilice
516 3047 626 3130 agito
659 3054 830 3112 eleutheria.
876 3053 997 3113 Terent.
1030 3053 1107 3112 Eun.
1134 3052 1215 3125 7473
1241 3054 1314 3115 Hee.

139 3142 226 3213 8503
250 3143 307 3202 Ad.
332 3143 406 3203 616.
451 3142 577 3202 Plautus
599 3142 709 3201 Baech.
734 3144 809 3202 655.

247 3250 350 3319 Unius
372 3273 483 3318 uersus
504 3256 570 3317 tres
594 3274 680 3316 arses
703 3255 778 3315 sunt
800 3251 931 3331 solutae,
953 3253 1009 3317 sed
1032 3253 1065 3316 in
1089 3252 1201 3317 eodem
1215 3254 1316 3320 uerba

141 3370 268 3449 iterate,
303 3368 387 3453 quod
409 3389 471 3434 nou
493 3371 598 3453 potest
621 3367 799 3452 displicere,
847 3368 1010 3452 Comprec.
1036 3368 1088 3433 12.
1113 3369 1130 3431 1
1156 3366 1317 3435 Haulnl

140 3483 294 3551 baulai
326 3482 480 3549 biudal.
526 3490 601 3549 illud
635 3509 708 3548 uero
734 3488 858 3566 menius
881 3490 963 3566 quod
985 3489 1053 3548 libri
1076 3488 1189 3547 habeut
1211 3488 1315 3550 Planl.

142 3580 225 3640 Men.
252 3578 314 3639 976
338 3578 490 3637 b=958
520 3572 611 3637 VId
634 3573 705 3655 egb
729 3579 812 3636 male
835 3574 961 3636 mdlum
983 3576 1121 3637 me'tbu.
1159 3577 1318 3639 etPseud.

145 3705 238 3764 195a
260 3669 330 3762 Pil
356 3696 424 3763 'iste
447 3707 538 3779 alque
561 3667 670 3762 itiam
685 3667 864 3761 mblifieus.

247 3875 382 3960 Saepius
416 3875 584 3940 soluuntur
617 3896 704 3940 arses
739 3874 895 3961 singulae,
929 3877 999 3938 lum
1032 3873 1137 3960 prima
1170 3877 1239 3938 tum
1266 3898 1319 3941 se·

141 3994 249 4059 eunde
271 3997 340 4058 lum
362 3992 469 4058 tertia.

246 4109 381 4174 Prima
415 4106 546 4173 iambi.
592 4104 680 4173 sent.
718 4105 843 4182 lQuol
865 4105 1033 4170 hemines
1056 4108 1104 4170 bob
1126 4105 1320 4174 sententiae.

137 4222 228 4291 seni.
252 4228 287 4302 3;
316 4224 352 4303 e;
376 4225 436 4302 433
461 4224 520 4302 45;
541 4207 598 4289 56.
624 4224 661 4301 1;
686 4224 738 4289 70.
762 4225 793 4288 2.
820 4224 848 4286 1.
874 4257 914 4268 -
940 4220 1103 4305 compree.
1129 4221 1158 4284 s.
1175 4217 1202 4284 1.
1228 4222 1268 4299 4³
1287 4223 1320 4291 a.
