2910 4778
494 1259 495 1262 ¹
525 1206 680 1278 cneus
709 1152 819 1278 uns

508 1375 722 1455 Excursus
750 1377 802 1455 ΙΙ.

139 1529 194 1596 De
220 1529 401 1617 correptis
425 1528 592 1597 iambicis
615 1530 770 1598 uocibus
795 1530 832 1598 at
856 1499 1169 1619 complexionibus

534 1645 771 1731 syllabarum.

177 1815 195 1897 ξ
221 1818 250 1879 1.
267 1858 270 1863 -
297 1815 422 1898 Corripi
445 1838 538 1899 posse
563 1817 660 1880 etiam
683 1818 717 1880 in
733 1816 890 1881 Saturniis
909 1819 1062 1883 iambioas
1079 1820 1130 1883 uel
1146 1842 1240 1885 uoces

45 1908 117 1995 ¹uel
143 1931 378 2014 complexiones
402 1931 597 2014 syllabarum
621 1932 766 1997 Havetus
790 1935 828 1997 de
845 1932 994 2000 Saturnio
1011 1958 1040 1998 u.
1061 1959 1093 2019 p.
1111 1937 1153 1999 26
1169 1957 1238 2020 sqq.

61 2047 227 2111 disseruit.
274 2048 358 2131 quod
394 2048 479 2111 idem
514 2049 634 2112 factum
669 2071 737 2113 esse
773 2050 806 2112 in
829 2051 944 2113 ceteris
967 2051 1111 2134 reliquiis
1134 2054 1240 2136 poesis

60 2164 219 2246 antiquae
255 2167 286 2226 et
310 2164 501 2227 domesticae
524 2163 740 2228 Romanorum
763 2164 842 2228 hacc
866 2166 964 2230 editio
988 2168 1137 2232 ostendit.
1184 2170 1239 2232 sed

61 2279 171 2342 maius
194 2276 288 2362 quain
312 2301 369 2362 pro
393 2280 426 2343 ui
449 2281 589 2362 spatium
610 2279 754 2343 Havetus
771 2281 801 2344 ei
816 2282 863 2344 rei
880 2282 976 2345 dedit.
1023 2284 1239 2365 quaerendum

60 2398 114 2459 est
137 2394 239 2479 igitur
261 2395 375 2478 quibus
399 2395 515 2459 finibus
540 2395 781 2478 circumscripta
804 2384 854 2460 sit.
902 2418 940 2460 ea
963 2401 1069 2462 autem
1093 2400 1237 2481 quaestio

59 2534 138 2575 cum
171 2511 277 2593 aliquo
310 2511 424 2575 fructu·
439 2511 485 2575 ita
508 2513 626 2594 poterit
649 2512 729 2590 fieri,
753 2512 780 2575 si
804 2535 946 2596 eaquae
971 2514 1004 2576 in
1028 2514 1098 2577 aliis
1122 2516 1237 2578 carmi-

60 2629 160 2692 nibus
185 2626 370 2691 Latinorum
393 2633 468 2690 sunt
491 2627 632 2691 eiusdem
656 2629 783 2712 generis
799 2629 840 2692 ad
856 2629 1123 2712 comparationem
1146 2629 1237 2694 adhi-

60 2744 134 2807 bita
159 2746 261 2806 erunt.
307 2743 353 2806 ita
377 2744 455 2807 duas
479 2765 528 2807 res
553 2765 789 2826 consequemur.
836 2767 911 2807 nam
934 2745 1162 2828 perspiciemus
1178 2768 1237 2810 nec

61 2881 117 2922 eos
143 2861 255 2940 poetas
278 2859 332 2940 qui
356 2858 480 2922 fabulas
504 2859 700 2942 scripserunt
723 2881 781 2923 nec
806 2881 859 2922 eos
882 2859 1026 2923 homines
1050 2862 1105 2943 qui
1128 2863 1237 2925 metris

61 2973 264 3059 graecanicis
287 2974 403 3038 latinos
426 2957 535 3039 titulos
559 2975 590 3038 id
614 2975 788 3038 instituisse
813 2997 883 3038 eam
907 2977 1038 3040 obrem
1060 2980 1096 3039 ut
1126 2999 1236 3042 uersus

62 3091 221 3166 facerent,
256 3091 348 3172 quasi
383 3113 454 3153 eam
487 3090 650 3154 licentiam
680 3092 720 3154 ad
743 3112 833 3153 suam
857 3091 1112 3155 commoditatem
1136 3092 1237 3156 refer-

62 3211 147 3270 rent.
195 3205 251 3269 sed
284 3210 465 3285 tenuerunt,
500 3208 583 3290 quod
618 3206 676 3271 hoc
701 3228 836 3270 excursu
860 3207 1093 3285 demonstrabo,
1117 3230 1236 3272 moreni

62 3323 234 3405 antiquum
256 3322 490 3406 solemnemque
515 3323 616 3406 poetis
639 3323 757 3401 latinis
781 3323 878 3386 immo
901 3322 1028 3400 italicis,
1049 3325 1237 3388 nemetiam

40 3422 97 3502 *in
133 3439 347 3502 monumentis
382 3438 540 3523 paelignis
575 3438 659 3502 idem
683 3442 797 3503 exstat.
843 3439 918 3516 iam,
949 3439 1009 3501 etsi
1033 3460 1073 3502 ex
1096 3439 1174 3523 ipsis
1198 3440 1237 3502 iis

61 3554 212 3619 uersibus
236 3575 313 3637 quos
338 3554 423 3617 edidi
447 3554 524 3617 satis
548 3559 692 3638 apparet,
716 3554 847 3618 Latinos
871 3555 904 3618 in
920 3554 1114 3618 carminibus
1130 3555 1237 3618 dome-

61 3671 155 3734 sticis
180 3671 212 3733 et
235 3670 374 3753 antiquis
397 3668 458 3733 hoc
482 3691 661 3752 usurpasse,
685 3670 760 3752 quia
784 3670 930 3754 exempla
945 3670 1038 3753 plura
1053 3673 1127 3733 sunt
1142 3691 1238 3753 quam

61 3790 100 3851 ut
137 3786 176 3849 de
212 3807 245 3848 re
280 3786 430 3849 uniuersa
459 3787 574 3850 debeat
598 3785 747 3863 dubitari
771 3790 878 3849 tamen
900 3785 940 3849 iis
964 3785 1116 3869 exemplis
1139 3784 1239 3848 maior

61 3902 191 3967 scilicet
214 3901 263 3964 uis
282 3902 416 3965 'accedet
439 3902 465 3964 si
489 3903 730 3984 comprobatum
754 3901 815 3964 erit
839 3923 905 3964 esse
930 3901 1041 3964 eadem
1064 3900 1116 3963 uel
1137 3898 1237 3962 simil-

60 4018 144 4082 lima
179 4016 213 4079 in
248 4017 392 4080 uersibus
421 4017 597 4099 priscorum
620 4015 835 4080 Romanorum
858 4016 1064 4099 graecanicis.
1112 4019 1144 4078 et
1167 4015 1237 4098 qui·

63 4135 140 4198 dem
163 4132 197 4196 id
220 4132 266 4196 ita
288 4132 358 4195 fieri
383 4154 419 4195 eo
444 4132 547 4216 magis
570 4154 648 4216 opus
673 4136 721 4195 est
744 4133 828 4214 quod
851 4131 885 4194 in
908 4130 1050 4215 reliquiis
1066 4130 1116 4193 his
1134 4130 1238 4213 poesis

63 4247 260 4314 domesticae
294 4251 361 4310 tam
383 4247 494 4331 paucis
518 4251 611 4330 atque
637 4246 761 4331 exiguis
784 4269 847 4311 non
870 4246 941 4331 plus
963 4248 1031 4311 fere
1054 4269 1150 4330 quam
1173 4246 1238 4310 sin·
