2910 4778
237 307 289 355 1111
742 307 787 354 DE
806 307 899 354 THES.

240 486 275 547 ut
309 481 469 560 uitiosum,
501 483 556 544 aut
578 482 703 543 mutant
726 483 781 543 aut
804 484 969 563 spernunt.
1014 502 1089 564 pars
1112 481 1197 545 enim
1222 503 1409 566 suppressas

239 597 346 662 theses
385 596 551 661 interiores
588 599 751 680 tamquam
789 598 931 660 monstra
965 599 1163 675 cuneantur,
1199 596 1255 661 alii
1291 598 1409 681 primas

239 734 423 797 suppressas
458 710 563 776 theses
597 711 649 776 uel
683 711 824 776 carmina
858 712 956 776 mixta
979 734 1016 775 ex
1038 713 1184 777 uersibus
1207 713 1359 778 iambicis
1382 719 1410 778 et

239 828 410 894 trochaicis
444 828 489 892 ita
523 827 653 892 horrent
686 830 723 890 ut
756 828 914 892 saturnios
948 849 1001 891 eos
1035 829 1091 911 qui
1118 829 1267 893 anacrusi
1291 833 1410 910 carent,

239 945 388 1028 quamuis
422 943 486 1007 sint
515 944 609 1007 multi
632 947 665 1007 et
688 944 767 1007 certi
789 964 848 1007 neo
871 943 993 1026 possint
1015 944 1085 1008 tolli
1109 945 1177 1008 sine
1200 946 1410 1023 barbarismo,

240 1060 332 1143 quasi
366 1059 457 1124 furca
491 1059 651 1142 expellere
686 1059 836 1123 studeant
870 1062 902 1123 et
925 1081 1007 1123 uano
1030 1060 1192 1124 molimine
1217 1062 1410 1126 desudantes

241 1175 365 1240 uiribus
399 1175 519 1239 frustra
553 1177 734 1240 abutantur.
781 1179 855 1239 sunt
890 1175 1025 1258 denique
1061 1176 1126 1259 qui,
1161 1177 1245 1259 quod
1269 1177 1411 1261 plurium

240 1289 453 1354 saturniorum
475 1289 669 1355 hemistichii
692 1291 876 1374 posterioris
900 1291 987 1376 prior
1008 1314 1083 1375 pars
1107 1297 1155 1356 est
1171 1293 1322 1373 creticus,
1342 1315 1411 1357 eam

240 1406 281 1470 ob
316 1426 443 1469 causam
478 1406 671 1470 interdicant
705 1429 745 1470 ne
780 1408 832 1471 cui
859 1407 1001 1471 saturnio
1025 1408 1120 1472 aliter
1143 1429 1212 1472 esse
1235 1410 1412 1492 composito

240 1521 346 1587 licoat.
393 1522 447 1606 qui
481 1544 543 1586 non
577 1525 728 1605 reputant
761 1543 857 1605 quam
891 1545 953 1589 non
987 1524 1179 1588 conueniens
1203 1524 1245 1587 sit
1268 1524 1414 1590 libertati

199 1667 215 1720 a
240 1639 364 1723 priscae
392 1643 424 1704 et
446 1638 593 1723 populari
616 1639 791 1703 carminum
814 1639 919 1703 omnia
943 1640 1130 1704 concinnare
1156 1640 1331 1724 diligentia
1354 1641 1413 1705 iste

240 1758 308 1819 tam
341 1778 474 1835 morosa,
509 1755 697 1838 praesertim
732 1775 804 1818 cum
838 1776 940 1839 genus
974 1754 1054 1819 illud
1081 1756 1258 1819 carminum
1282 1778 1350 1820 non
1373 1756 1413 1820 sit

240 1875 343 1936 totum
377 1871 550 1935 iambicum
583 1892 642 1935 neo
672 1873 774 1936 totum
796 1870 1010 1949 trochaicums
1028 1871 1084 1934 sed
1107 1871 1414 1953 anapaestico-iam-

221 2005 223 2011 *
242 1988 349 2052 hicum
373 1992 405 2051 et
428 1985 807 2071 dactylico-trochaicum.
