2910 4778
244 308 312 354 CCH
730 307 776 355 DE
794 307 938 354 ELOGIIS.

246 484 294 544 est
316 480 428 543 tItulus
447 477 515 544 CIL
532 477 610 543 XIV
628 481 713 544 2780
730 478 779 543 Τί.
820 478 970 544 Claudius
994 476 1132 543 Neronis
1156 478 1246 563 Aug.
1272 479 1293 543 l.
1309 479 1405 563 Daph·

245 618 305 659 nus
333 596 411 659 fecit
441 594 490 660 Ti.
538 594 669 659 Claudio
693 593 784 659 Oniri
807 595 893 680 Aug.
918 595 939 659 l.
962 594 985 658 l.
1010 595 1184 660 domestico
1207 598 1242 659 et
1265 594 1406 660 Moschidi

244 712 466 775 contubernali
502 712 569 775 eius
604 711 683 794 quil
712 712 871 794 quondam
908 710 1036 775 fuerant
1059 711 1127 775 eius
1151 714 1184 774 et
1207 710 1280 776 sibe
1302 711 1407 796 gratias

245 828 428 891 rettulerint
462 829 502 892 ob
537 828 660 890 meritis
695 825 811 892 sniIs''.
858 831 890 891 et
921 830 1026 891 aetate
1049 824 1238 891 Neroniana
1262 826 1408 891 nouiciun

245 965 364 1007 morem
388 943 478 1006 illum
502 942 711 1026 inflatamque
735 943 964 1007 uerbositatem
981 942 1071 1027 uulgi
1087 964 1120 1006 se
1136 943 1292 1006 iactantis
1306 964 1408 1026 pompa

246 1059 426 1143 elegiarum
450 1058 551 1122 illusit
573 1057 743 1122 Petronius
767 1081 804 1122 eo
829 1060 911 1142 quod
936 1081 962 1122 c.
988 1059 1027 1122 71
1053 1061 1134 1122 extr.
1152 1056 1408 1122 Trimalchionem

243 1174 372 1239 titulimr
408 1174 546 1257 sepulcri
581 1175 631 1238 sui
663 1174 893 1257 concipientem
918 1175 996 1238 facit
1018 1173 1069 1237 his
1092 1175 1219 1238 uerbis:
1247 1173 1303 1239 ‘'0.
1326 1172 1408 1237 Pom·

244 1291 335 1372 peius
358 1289 553 1354 Trimalchio
576 1289 837 1354 Maecenatianus
860 1289 913 1353 hic
937 1290 1118 1372 requiescit.
1167 1289 1245 1353 huic
1265 1289 1408 1354 seuiratus

243 1407 369 1470 absenti
405 1407 550 1470 decretus
580 1410 637 1470 est.
685 1428 755 1470 cum
780 1410 887 1489 posset
911 1407 943 1469 in
967 1407 1112 1470 omnibus
1137 1406 1278 1469 decuriis
1300 1404 1408 1470 Minae

245 1544 324 1599 csse,
349 1526 457 1585 tamen
480 1522 593 1587 noluit.
640 1522 711 1604 pius
735 1522 828 1586 fortis
851 1522 965 1600 fidelis,
990 1544 1029 1585 ex
1052 1543 1153 1604 paruo
1173 1521 1288 1601 creuit,
1305 1525 1408 1584 sester-

243 1638 324 1700 tium
359 1638 490 1720 reliquit
524 1638 704 1716 trecenties,
740 1660 799 1702 nec
833 1660 984 1721 umquam
1023 1635 1252 1720 philosophum
1286 1637 1408 1701 audiuit.

246 1754 328 1817 uale.
355 1790 395 1798 -
422 1756 465 1817 'et
487 1756 573 1817 tu''’.
609 1758 761 1836 qnantum
788 1754 887 1838 igitur
917 1778 936 1817 a
958 1755 1063 1837 prisca
1086 1752 1296 1836 simplicitate
1320 1750 1409 1816 uersi·

241 1870 386 1933 culorum
411 1892 490 1953 quos
517 1870 610 1933 attuli
634 1854 664 1952 pl.
683 1869 732 1934 CC
750 1873 782 1933 et
799 1870 891 1954 Elog.
909 1871 951 1934 23
970 1869 1100 1952 ''Frupc'
1113 1869 1194 1932 toria
1206 1871 1338 1953 predica
1361 1871 1411 1933 arri

242 1985 403 2068 discrepat
429 1985 479 2049 tit.
504 1985 688 2068 posterioris
712 1986 783 2048 aeui
809 1984 877 2049 CIL
901 1984 979 2048 XIV
1003 1985 1089 2048 4276
1115 1987 1178 2029 ”-
1208 2021 1249 2030 -
1275 1986 1409 2051 dominae

242 2101 445 2164 dulcissimae
468 2101 630 2184 piissimae
655 2103 756 2166 bonae
773 2102 898 2165 animae
914 2101 1067 2183 locupleti
1084 2101 1330 2165 candidissimae
1344 2102 1410 2165 sirn-

243 2217 433 2299 plicissimco
456 2217 700 2280 iucundissimae
726 2218 1006 2281 excellentissimae
1022 2219 1105 2281 bono
1121 2216 1333 2302 dignissimae
1349 2239 1410 2282 cum

243 2354 306 2415 qua
341 2333 408 2396 uixi
443 2334 558 2397 bonam
592 2334 691 2397 uitam
727 2333 943 2416 compluribus
971 2333 1098 2397 annis''.
1143 2333 1223 2396 item
1248 2331 1320 2398 CIL
1342 2330 1410 2398 Xll'

244 2449 330 2513 2535
356 2451 418 2493 ”-
444 2472 502 2532 per
526 2449 599 2512 deos
622 2471 752 2531 superos
775 2449 956 2532 inferosque
980 2452 1012 2512 te
1036 2470 1114 2532 rogo
1139 2470 1178 2511 ne
1203 2451 1349 2513 ossuaria
1363 2471 1409 2513 ue·

242 2565 281 2627 lis
305 2565 448 2628 uiolare''
473 2567 505 2628 et
529 2562 598 2629 CIL
622 2563 702 2628 VIII
728 2566 813 2629 1070
839 2567 902 2609 ”-
926 2565 972 2628 Ita
996 2565 1056 2628 tibi
1081 2565 1250 2648 contingat
1268 2565 1408 2648 quoduis

243 2684 278 2742 ut
300 2680 360 2744 hoc
383 2702 507 2744 sacrum
533 2703 595 2744 non
619 2679 753 2758 uioles''‚
786 2683 955 2763 utrumque
979 2702 1075 2763 prosa
1098 2680 1255 2758 oratione,
1281 2684 1407 2752 aetatem

242 2798 326 2879 sapit
350 2797 567 2860 recentiorem.
615 2796 739 2879 antiqui
763 2797 848 2859 enim
871 2796 967 2859 moris
990 2795 1052 2859 fuit
1076 2799 1131 2858 aut
1147 2797 1280 2860 breuius
1297 2797 1405 2860 dicere:

243 2914 322 2975 riolci
346 2914 465 2975 uictore
488 2911 562 2976 Gar.
590 2912 672 2975 1427
698 2915 753 2974 aut
775 2932 884 2975 uersu:
909 2911 987 2974 Deis
1009 2911 1149 2992 rofei-aa
1163 2914 1334 2994 portatum
1348 2926 1405 2976 suc·

242 3029 527 3091 scammoniam
551 3027 644 3112 Elog.
671 3029 689 3091 8
714 3027 766 3090 uel
791 3028 874 3110 ltoqo‘
898 3035 925 3090 te
948 3028 993 3088 mi
1014 3027 1129 3107 uiator,
1153 3027 1222 3089 adli
1244 3029 1293 3090 mi
1313 3027 1405 3091 nostre

185 3213 188 3219 .
242 3143 334 3228 Elog.
362 3146 412 3206 12.
446 3180 485 3187 —
516 3144 613 3227 quid?
650 3143 729 3207 illud
752 3165 854 3206 nonne
878 3143 948 3225 ipsa
971 3143 1070 3206 uerba
1094 3145 1236 3226 arguunt
1260 3142 1404 3226 posterius

243 3281 311 3322 esse
337 3256 405 3323 CIL
429 3258 477 3323 VI
502 3261 587 3324 9222
614 3261 788 3342 ’'patronns
812 3259 927 3322 liberto
951 3257 1180 3322 benemerenti.
1227 3257 1283 3322 hic
1302 3260 1334 3322 in
1349 3258 1404 3321 ulta

242 3397 300 3438 sua
323 3375 401 3438 nulli
425 3375 599 3438 maledixIt.
639 3375 707 3437 sine
724 3375 888 3438 uoluntate
905 3374 1032 3456 patroni
1049 3372 1235 3438 nihilfecit.
1282 3374 1403 3438 multum

242 3491 392 3573 ponderis
416 3491 485 3554 auri
510 3491 636 3575 argenti
667 3513 764 3573 penes
789 3512 861 3553 eum
885 3512 1011 3572 semper
1034 3489 1105 3568 fuit,
1130 3490 1295 3572 concupiit
1317 3512 1354 3554 ex
1374 3509 1403 3551 eo

242 3606 323 3669 nihil
358 3629 518 3689 umquam.
565 3606 617 3669 bic
653 3612 754 3669 artem
790 3606 952 3669 caelatura
977 3605 1129 3670 Clodiana
1152 3606 1252 3669 euicIt
1275 3604 1402 3670 omnes''.

242 3726 276 3785 at
311 3722 389 3786 illud
418 3725 579 3784 uetustum
603 3744 731 3785 carmen
754 3725 873 3804 quanto
898 3722 1011 3784 melius
1034 3722 1223 3784 tantundem
1247 3722 1316 3785 fere
1338 3720 1404 3785 dicit

242 3839 351 3920 paucis
386 3838 493 3901 uerbis
528 3837 621 3922 Elog.
658 3839 699 3900 24
736 3837 810 3903 Sine
838 3839 976 3900 orcorr'tie
998 3839 1080 3900 nisit
1100 3837 1104 3919 Ι
1125 3837 1168 3899 od
1192 3837 1300 3902 Ditem
1320 3836 1403 3900 dread.

241 3955 322 4018 καῖέ.

349 4068 500 4152 Sequitur
523 4069 666 4152 quaestio
689 4069 888 4133 subdifficilis
912 4091 975 4152 qua
999 4068 1122 4131 ratione
1145 4068 1366 4133 discernantur
1378 4067 1405 4130 in

243 4186 346 4249 titulis
382 4185 601 4269 sepulcrorum
625 4185 759 4247 uetustis
784 4186 908 4248 numeri
939 4184 1068 4268 quidam
1094 4182 1236 4247 Plautini
1261 4188 1294 4248 et
1315 4184 1406 4248 frusta

241 4323 445 4364 numerorum
482 4301 699 4364 Ennianorum
739 4324 757 4363 a
792 4301 932 4363 numeris
971 4299 1163 4363 domesticis,
1223 4318 1406 4384 quamquam
