2910 4778
422 1270 423 1273 =
522 1227 676 1301 oAPV'r
705 1229 768 1300 VI.

508 1396 722 1477 Excursue
749 1397 781 1477 I.

258 1549 310 1618 De
337 1549 519 1618 saturniis
542 1549 590 1618 iis
615 1550 676 1638 qui
700 1551 872 1619 anacruai
897 1552 1035 1619 carent.

582 1684 712 1767 (b†h).

166 1879 240 1962 §L
288 1878 322 1947 C.
358 1878 395 1944 Ο.
431 1880 622 1959 Mueller,
654 1880 705 1944 uir
728 1881 931 1960 clarissimus,
956 1882 990 1945 in
1013 1881 1235 1965 supplemento

53 1995 166 2059 adnot.
191 1996 231 2059 ad
254 1994 386 2060 Festum
408 2019 440 2079 p.
466 1996 528 2061 397
553 1996 613 2060 hoc
637 1995 743 2080 posuit
766 2018 868 2081 genus
891 1997 959 2061 sine
984 1997 1131 2061 anacrusi

95 2165 104 2182 ,
195 2109 470 2175 Dantmaldm
495 2111 656 2176 Metelli
764 2111 922 2177 Naeuio
945 2116 1101 2197 poetae.

52 2225 207 2290 similiter
230 2226 451 2310 disputauerat
475 2228 547 2292 adn.
572 2229 612 2292 ad
635 2227 771 2292 Varron.
795 2229 816 2292 1.
840 2229 896 2292 lat.
921 2225 995 2292 VII.
1021 2230 1073 2294 36.

168 2341 250 2406 Eam
272 2343 465 2406 sententiam
488 2343 668 2428 generatim
692 2344 793 2407 secuti
817 2347 891 2407 sunt
915 2347 947 2407 et
970 2344 1003 2408 in
1022 2366 1112 2407 usum
1128 2346 1234 2407 trans-

59 2456 207 2520 tulerunt
230 2455 365 2522 Grauert
378 2456 413 2539 ¹),
437 2457 526 2523 Weil
549 2461 581 2522 et
604 2458 753 2524 Benloew
768 2457 805 2538 2),
822 2457 1007 2524 Donaldson
1019 2458 1058 2540 8),
1075 2459 1186 2543 Bergk
1198 2457 1237 2539 4),
1290 2532 1293 2537 ,

59 2571 200 2636 Bartsch
219 2571 256 2654 ⁶),
296 2572 426 2638 Carolus
461 2571 536 2637 Sittl
555 2575 592 2653 ⁰),
627 2571 744 2638 Iordan
763 2575 799 2653 ἵ),
835 2573 1026 2639 Garruccius
1045 2574 1071 2652 ⁸)
1106 2573 1237 2640 Carolus

174 2823 199 2898 1)
225 2826 365 2897 Grauert‚
389 2823 440 2886 tt.
464 2824 568 2888 died.
592 2831 669 2888 reim.
694 2824 816 2908 Epiker
832 2846 868 2908 p.
892 2827 959 2888 266
981 2846 1025 2909 sq.
1055 2864 1088 2872 -—

173 2910 198 2985 2)
222 2915 300 2974 Weil
323 2920 354 2975 et
376 2918 414 2975 B.
439 2913 552 2976 the'orie
575 2914 612 2977 dc
635 2913 873 2977 l’occeatuatioa
897 2914 993 2976 latine
1015 2939 1046 2994 p.
1073 2917 1136 2977 104
1160 2919 1240 2994 eleg.

59 3006 140 3081 Scip.
165 3004 207 3062 IV
233 3006 251 3062 2
276 3005 317 3063 sic
340 3006 521 3066 metiuntur:
547 3010 677 3066 aetate
701 3027 812 3082 quom
834 3010 957 3083 parua
983 2998 985 3086 1
1016 3043 1051 3050 -
1082 3038 1120 3047 -
1150 3017 1153 3025 “

172 3088 199 3165 3)
223 3095 404 3165 Donaldson‚
433 3091 667 3156 Varronianus³
690 3117 721 3172 p.
747 3097 809 3154 260
834 3099 883 3157 all.
909 3117 938 3172 q.
962 3098 995 3154 ll.
1021 3125 1057 3135 —

173 3178 200 3253 4)
224 3184 335 3261 Bergk,
364 3183 420 3260 Op.
444 3186 459 3244 I
482 3187 546 3244 492
572 3189 602 3244 et
625 3186 699 3244 494.
729 3220 763 3228 -

174 3265 201 3343 11’)
225 3272 363 3343 Bartsch,
387 3269 443 3330 der
466 3267 671 3333 Saturniaclte
700 3268 776 3332 Vera
798 3295 828 3350 p.
855 3274 893 3332 21
920 3293 997 3349 sqq,
1022 3275 1073 3333 sed
1096 3277 1132 3332 ut
1155 3274 1236 3349 apud

62 3362 185 3421 Liuium
220 3365 250 3419 et·
283 3361 432 3420 Naeuium
467 3364 542 3422 tales
573 3366 688 3422 exstare
713 3362 792 3422 dicat
814 3363 979 3434 Saturnios
1004 3363 1035 3421 in
1058 3362 1154 3421 titulis
1178 3382 1238 3421 non
1321 3414 1324 3419 .

62 3453 153 3520 item3
178 3451 260 3524 quod
283 3451 457 3510 auctoritati
481 3452 634 3511 Bitsehelii
658 3452 811 3512 concessit.

173 3533 199 3611 ⁰)
224 3539 256 3598 0.
289 3538 369 3612 Sittl,
394 3535 479 3600 Phil.
504 3536 658 3621 Anzeiyer
683 3541 780 3600 1883.
804 3542 868 3600 426
893 3544 983 3618 negat
1006 3540 1171 3617 quidquam
1195 3559 1240 3599 re·

60 3632 142 3688 ferre
168 3627 290 3688 ''basis’'.
312 3629 419 3704 prioris
442 3629 568 3688 membri
590 3629 717 3690 iambica
741 3630 779 3689 sit
802 3650 840 3688 an
862 3630 1023 3689 trochaice.

175 3710 199 3788 7)
223 3717 343 3787 Iordan,
373 3712 539 3797 Beitroeye
560 3741 591 3796 p.
617 3720 679 3778 222
703 3738 809 3778 uersus
832 3719 898 3778 illos
922 3718 1070 3778 Saliorum
1093 3716 1134 3776 sic
1158 3737 1240 3776 scan-

61 3807 109 3866 dit
143 3806 205 3864 sine
239 3807 393 3866 anacrusi:
418 3803 520 3886 ”palare
542 3804 632 3866 tomis
655 3804 778 3867 leucdtie
803 3839 842 3848 -
861 3802 943 3887 prote
965 3803 1015 3866 ted
1037 3802 1169 3865 tremdat
1191 3802 1241 3864 he·
1292 3857 1295 3863 .

62 3889 188 3955 ortdorff
214 3898 245 3954 et
267 3889 371 3953 diuma
396 3891 497 3975 empta
520 3892 608 3955 cdntc
632 3928 672 3937 -
696 3892 806 3955 diaden
829 3891 884 3955 deo
907 3890 1110 3976 supplicante.

180 3977 205 4055 8)
231 3982 409 4044 Garruccins
424 3987 540 4062 proleg.
555 4007 586 4062 p.
603 3987 644 4045 40
662 3986 703 4046 sic
715 3985 830 4045 scandit
842 3985 1024 4063 epigramma
1036 3983 1242 4044 Naeuianum:

61 4073 219 4133 Mertaleis
242 4072 435 4133 immortaleis
461 4064 464 4155 1
485 4075 559 4153 llere
583 4074 623 4133 sei
648 4075 725 4134 fore't
748 4075 793 4134 sas
810 4067 822 4150 11
838 4075 945 4133 Ddiuai
967 4074 1121 4133 Casmenai
1136 4073 1242 4131 flerent

64 4155 69 4244 1
110 4160 267 4221 Gnaiuidm
302 4166 421 4238 poetam
445 4157 456 4239 11
479 4157 587 4240 Itaque
621 4166 781 4240 pdstquam
804 4171 850 4222 est
872 4163 991 4223 orceind
1017 4153 1020 4241 1
1045 4162 1175 4220 traditus
1200 4165 1242 4220 te-

63 4254 157 4312 sduro
173 4244 186 4328 11
204 4225 335 4310 Obleitei
358 4256 428 4311 sunt
450 4252 556 4312 Bomoi
580 4243 691 4331 linlgua
714 4251 832 4328 loquidr
854 4253 975 4311 latelna.
